2610 4002
544 479 692 524 euenum
715 481 912 525 renotem

637 637 712 684 rte.
732 623 816 684 xlx.

506 771 662 825 Assorus
682 771 728 823 no
747 751 948 824 enueuouu.
1051 791 1061 797 -

230 911 378 990 Aesopus
398 905 527 970 domino
548 906 635 968 solus
656 922 754 990 quum
775 919 859 969 esset
874 905 1010 986 familia,

229 989 348 1050 Parare
369 1008 501 1049 coenem
523 987 626 1047 iussus
648 988 877 1049 estmatutius.

227 1072 339 1154 Ignem
363 1088 440 1151 ergo
462 1087 634 1152 quaerens,
656 1065 775 1150 aliquot
797 1067 1095 1146 lustravitdomost

230 1149 435 1232 Tandemque
455 1147 591 1224 invenit,
614 1147 671 1210 ubi
692 1145 852 1208 lucernam
873 1148 1071 1210 accenderet.

230 1234 313 1290 Tum
334 1227 540 1289 circumeunti
560 1226 668 1288 fuerat
688 1225 775 1312 quod
795 1229 858 1308 iter
878 1229 1019 1311 longius,
1048 1274 1052 1279 .
1212 1225 1230 1289 5

122 1385 125 1392 .
229 1309 349 1371 Effecit
366 1307 512 1368 brevius:
533 1328 669 1391 namque
688 1321 777 1368 reete
798 1329 857 1390 per
877 1308 987 1372 forum

231 1389 347 1470 Coepit
364 1387 481 1447 redire.
521 1389 565 1448 Et
586 1386 712 1470 quidam
735 1407 754 1447 e
774 1385 867 1449 turbe
887 1389 1052 1484 garrulosa

228 1471 375 1562 Aesope,
395 1466 501 1527 medio
523 1466 609 1544 sole,
633 1465 710 1550 quid
731 1486 802 1528 eum
823 1467 963 1530 lumme‘?
986 1504 1027 1516 -

230 1552 417 1624 Hommem‚
439 1546 556 1632 inquit,
622 1567 714 1624 nero,
736 1559 769 1608 et
789 1545 864 1609 abiit
884 1547 1035 1610 festinans
1057 1547 1201 1613 domum·

270 1631 342 1690 Hoc
362 1625 388 1688 si
408 1628 560 1690 molestus
580 1628 634 1688 tle
656 1625 695 1704 ad
720 1627 854 1688 animum
877 1630 1003 1706 retulit,
1196 1643 1227 1688 no

215 1708 335 1771 ·Sensit
354 1704 522 1789 profecto,
545 1730 580 1770 se
601 1707 760 1769 hominem
781 1729 844 1769 non
867 1710 969 1770 risum
989 1709 1076 1789 seni,

230 1787 455 1872 Intempestive
475 1789 530 1874 qui
551 1798 706 1876 occupato
725 1789 874 1851 alluserit.

624 1968 830 1983 m

547 2115 908 2196 tritonus.
979 2099 982 2106 ’

179 2276 181 2282 '
230 2278 409 2358 Supersunt
428 2265 519 2346 mihi,
541 2287 621 2353 quae
641 2267 792 2346 scribam,
813 2269 869 2330 sed
889 2288 987 2350 pereo
1013 2270 1133 2333 sciense
1162 2283 1165 2288 '

229 2359 389 2428 Primum,
413 2369 483 2411 esse
506 2369 546 2410 ne
567 2348 623 2409 tibi
645 2349 753 2410 videar
775 2349 948 2410 molestior.

230 2432 400 2514 Distringit
424 2448 520 2525 quem
538 2430 837 2491 multarumrerum
857 2431 1010 2506 varietas3

229 2516 329 2590 Dein,
349 2513 375 2573 si
396 2533 465 2597 quis
490 2509 598 2572 eedem
618 2509 710 2578 forte,
724 2511 831 2572 oonari
852 2511 946 2586 velit,
986 2541 988 2546 .

230 2595 360 2658 Habere
380 2606 416 2654 ut
438 2591 539 2674 possit
560 2586 677 2674 aliquid
699 2591 805 2672 operis
826 2591 955 2651 residui.
1203 2582 1222 2646 5

230 2674 382 2765 Quemvis
402 2671 551 2734 materiae
572 2682 658 2732 tenta
680 2669 817 2731 abundet
838 2672 945 2752 copia,

229 2755 347 2819 Labori
369 2753 461 2817 faber
481 2764 517 2813 ut
539 2750 637 2827 desit,
650 2772 722 2812 mon
743 2747 837 2811 febro
861 2747 961 2814 labor.

228 2833 400 2899 Brevitatis
420 2845 547 2895 nostroe
567 2829 743 2914 praemium
764 2842 801 2892 ut
822 2830 955 2910 reddas,
976 2839 1069 2914 peto,
1127 2892 1130 2899 ,

225 2983 430 3008 ..n—u·—

279 3074 347 3126 Fnb.
365 3073 443 3138 xlx,
458 3090 486 3124 v.
505 3075 530 3128 5.
548 3073 703 3126 circueuntr'
716 3073 860 3124 Burmann.
878 3103 912 3115 —-
927 3093 957 3127 v.
975 3089 1000 3141 7.
1026 3072 1095 3124 Cod.
1120 3069 1219 3125 Peroil·

231 3142 330 3197 omittit
349 3152 374 3192 et
393 3149 453 3192 ente
471 3141 590 3224 quidum.
610 3171 643 3182 —
659 3159 687 3192 v.
711 3158 748 3194 η.
769 3141 873 3193 Gudius
892 3143 1010 3195 coniecit
1026 3142 1157 3192 illuserit.

281 3206 364 3278 Epilo
386 3209 531 3277 ‚lironem
545 3210 710 3280 ‘Bipontini‚
735 3208 886 3260 Sthwebius
905 3210 975 3262 hune
994 3211 1132 3278 epilogum
1153 3208 1219 3259 libro

210 3280 309 3332 'tertio
328 3227 445 3344 eddone
472 3279 499 3330 in
525 3279 582 3330 eliis
600 3278 667 3330 Edd.
687 3286 727 3328 est
744 3277 835 3328 sabulo
852 3279 935 3332 XXV.
955 3279 1021 3329 libri
1038 3278 1084 3328 lv.
1101 3293 1178 3326 -v.
1195 3287 1217 3321 ²·

229 3349 270 3400 Ita
287 3345 371 3398 edidit
389 3345 533 3411 Pithoeus,
549 3348 678 3401 omnibus
693 3341 749 3398 lere
767 3347 948 3413 sequentibus.
965 3348 995 3397 In
1014 3323 1183 3396 Coddl'ith.
1194 3343 1218 3388 ei

230 3417 303 3466 liom.
322 3421 374 3465 est:
394 3414 512 3465 Primam
529 3432 587 3464 esse
605 3415 654 3466 tibi
671 3432 703 3464 ne
723 3412 817 3463 videor
832 3409 893 3465 mol.
912 3445 944 3455 —
962 3432 991 3465 rr.
1016 3415 1043 3466 6.
1068 3415 1108 3464 lta
1130 3421 1217 3463 omncs

229 3483 298 3534 Edd.
317 3481 371 3532 Sed
389 3480 477 3532 Codd.
496 3489 612 3532 ndtttrae
630 3496 680 3551 pro
700 3482 834 3532 materiae.
851 3507 885 3519 -
902 3497 931 3532 v.
950 3483 975 3532 8.
985 3481 1054 3532 Cod.
1072 3480 1144 3532 Pith.
1162 3479 1215 3551 bre:

231 3550 323 3601 vitatis
340 3557 451 3600 nostroe
468 3551 566 3611 minor,
591 3551 634 3601 cui
660 3557 811 3617 postremae
834 3551 894 3600 roci
912 3551 1022 3600 mutilos
1040 3565 1055 3599 n
1075 3548 1215 3600 recentiori
