2678 3978
219 479 254 522 1ss
532 479 680 522 Puteum
702 477 904 520 FABULARUH

214 619 285 680 Non
306 617 382 680 artis
403 619 466 681 ulla
488 620 648 681 medicum
672 642 706 682 se
727 617 914 703 prudentia,

214 699 337 759 Verum
358 712 491 780 stupore
512 701 600 781 vulgi
620 701 741 761 lactum
760 699 910 761 nobilem.

173 800 176 805 ·
214 776 286 838 Rex
308 779 460 841 advocata
479 781 633 841 concione
657 780 738 841 haec
766 779 883 840 edidit:

216 857 360 934 Quantae
384 856 504 941 putatis
530 879 599 920 esse
624 881 681 922 vos
707 858 902 932 dementiae,
936 876 939 881 ·
988 929 990 933 ,

250 937 283 996 ui
306 939 408 1020 capita
431 951 538 1003 vestra
557 959 622 998 non
647 939 797 999 dubitatis
820 937 974 1014 credere,

216 1017 275 1080 (tui
299 1019 485 1080 calceandos
507 1039 600 1078 nemo
622 1020 778 1079 commisit
798 1015 922 1099 pedes?

253 1101 327 1161 Hoc
351 1098 516 1180 pertinere
537 1117 615 1158 vere
640 1099 679 1160 ad
703 1098 775 1161 illos
801 1097 952 1171 dixerim,

215 1179 364 1274 Quorum
382 1178 514 1239 stultitia
539 1191 690 1260 quaestus
714 1176 929 1260 impudentiae
954 1189 1014 1238 est.

629 1435 704 1476 ran.
725 1416 795 1480 XV.
888 1491 891 1498 ,

448 1547 571 1599 ASINUS
590 1547 636 1600 ΑΙ)
654 1549 768 1600 8ΕΝΕΜ
784 1549 981 1601 PASTOREM.

158 1715 161 1724 ,
256 1671 292 1729 ln
312 1669 493 1751 principatu
513 1669 735 1738 commutando
758 1669 875 1731 civium

215 1749 266 1809 Nil
291 1761 422 1830 praeter
447 1749 566 1810 domini
585 1771 700 1812 nomen
720 1761 841 1810 mutant
862 1771 925 1832 pau
950 1769 1031 1810 eres·

215 1829 251 1888 ld
277 1848 348 1889 esse
367 1850 495 1907 verum,
517 1851 616 1912 parva
638 1831 718 1892 haec
742 1829 861 1891 fabella
882 1771 1007 1890 indicat.

255 1909 398 1968 Asellum
420 1910 451 1969 in
471 1923 563 1991 prato
587 1911 715 1971 timidus
736 1910 888 1992 pascebat
908 1930 1034 1970 senex..

214 1989 264 2066 ls,
282 1987 421 2048 hostium
443 1991 581 2051 clamore
602 1990 707 2052 subito
728 1990 877 2066 territus,

216 2067 377 2127 Suadebat
401 2068 486 2130 asino
507 2068 642 2152 fugere,
663 2089 704 2128 ne
724 2082 856 2150 possent
880 2069 962 2162 capi.

215 2147 260 2208 At
283 2147 339 2206 ille
364 2149 481 2207 lentus:
507 2148 653 2231 Quaeso,
674 2170 748 2208 num
774 2149 863 2210 binas
888 2149 964 2208 mihi

150 2251 157 2266 ·
216 2227 358 2286 Clitellas
378 2226 601 2306 impositurum
623 2230 783 2291 victorem
802 2228 918 2310 putas?

216 2307 322 2366 Senex
340 2305 477 2387 negavit.
518 2310 608 2390 Ergo
652 2309 707 2368 uid
730 2309 835 2372 refert
856 2329 936 2369 mea.

217 2385 279 2449 cni
301 2387 453 2465 serviam,
478 2387 610 2450 clitellas
630 2331 708 2450 dum
727 2401 856 2470 portem
879 2389 989 2451 meas?

621 2533 806 2546 ...u-

625 2650 699 2700 run.
724 2627 807 2695 XVI.

525 2727 684 2782 CERVUS
712 2735 762 2784 ET
788 2733 900 2784 OVlS.

215 2813 397 2878 Raudator
416 2813 559 2877 homines
583 2842 682 2904 quum
707 2837 802 2885 vocat
822 2843 974 2905 sponsum
998 2822 1182 2905 improbos,
1249 2849 1254 2856 ·

215 2999 247 3012 ..
264 2986 293 3018 v.
316 2985 355 3018 ιι.
373 2964 503 3016 medicum
523 2967 611 3022 Codd.
631 2969 748 3021 medicae
766 2973 897 3040 plurimae
916 2971 985 3021 Edd.
1006 2989 1037 3022 cx
1056 2957 1219 3022 coniectura

215 3037 327 3089 Heinsii.
346 3062 378 3073 -
395 3050 423 3083 v.
447 3037 486 3086 13.
504 3034 590 3086 edidit
608 3040 785 3089 emendarunt
802 3039 922 3089 Gronov.
942 3049 969 3090 et
983 3039 1112 3091 Heinsius.
1125 3039 1218 3088 Codd.

215 3103 331 3156 addidit.
350 3133 382 3144 -
400 3119 430 3152 v.
453 3103 491 3153 18.
511 3103 579 3154 Cud.
599 3105 668 3155 Pith.
688 3099 811 3171 Quorum
830 3108 964 3157 stultitiae
984 3119 1114 3176 (linteatus
1127 3108 1218 3174 impu·

214 3172 308 3225 deluto
326 3183 373 3220 eat.
393 3167 469 3220 Cod..
480 3171 553 3221 Rem.
569 3174 602 3222 im
611 3172 760 3224 nudantia.
776 3175 816 3224 Cf.
830 3176 941 3225 Desblll.
956 3176 989 3225 ad
1009 3179 1110 3226 calcem
1124 3174 1149 3223 Ιι.
1171 3173 1218 3223 ed.

265 3239 333 3292 Fnb.
353 3239 419 3302 XV,
436 3253 465 3286 v.
489 3253 510 3286 1.
529 3192 616 3290 Codd.
635 3241 704 3296 Pub.
725 3252 752 3292 ct
768 3244 841 3293 llctn.
861 3243 895 3290 In
911 3245 1070 3311 principatu
1097 3259 1218 3291 comnm-

216 3307 302 3360 tundo
312 3308 408 3358 ciuium
424 3305 550 3372 saepiu&
569 3308 665 3358 delevit
678 3309 747 3360 Pith.
761 3309 788 3359 in
804 3310 923 3361 editione
935 3327 982 3360 sua
995 3312 1101 3370 ciuium,
1119 3311 1217 3374 Rigalt.

216 3377 337 3446 saepius,
357 3388 436 3441 quem
454 3372 562 3438 quidem
580 3377 689 3442 plurimi
707 3387 864 3444 sequuntur.
884 3409 915 3418 -
935 3395 964 3428 v.
983 3394 1007 3428 α.
1027 3377 1116 3428 Codd.
1134 3394 1217 3445 prae-

215 3458 257 3497 ter
274 3443 377 3494 domiui
386 3455 473 3490 mores
477 3456 489 3500 ,¹
506 3440 664 3507 Bongarsius
679 3445 829 3496 emendavit
844 3463 953 3508 nomeu,
972 3446 1005 3496 ab
1019 3447 1146 3496 omnibus
1157 3446 1216 3496 scre

215 3520 427 3632 receddldfnlffls
445 3588 473 3622 v·
495 3588 516 3624 Ι·
536 3573 607 3640 Cod·
619 3581 687 3631 Pith.
708 3589 734 3631 ct
750 3580 852 3648 primae
863 3579 930 3631 Edd.
946 3577 1112 3631 Fraudator·
1130 3577 1216 3629 durni·
