2678 3978
212 385 243 446 x
581 397 658 448 v'mn
683 405 843 466 rumoni,

213 558 293 630 quot
306 547 485 610 fabularum
497 547 597 609 libros
615 547 832 628 composuisse
846 545 985 630 videtur,
1004 561 1043 611 ut
1053 571 1072 612 o
1081 571 1230 638 selune-

212 641 295 726 tibus
322 643 487 706 constabit.
531 647 643 727 Neque
673 642 817 704 dissentit
846 644 971 704 anobis
989 646 1230 728 DesbilloniuS,

213 737 301 796 ouius
325 739 441 820 placita
461 758 522 800 non
542 741 678 799 alienum
697 737 824 801 videtur
845 739 908 802 hoe
930 743 1006 803 loeo
1026 761 1230 806 commemo·

211 851 301 893 rare:
325 835 360 914 x)
383 837 529 896 »Etenim
548 835 610 895 hoe
629 846 740 914 paeto,
761 834 915 918 inquit,
935 835 1121 899 Phaedrum
1132 841 1232 900 'tem-

211 947 294 1008 pore
312 931 441 1006 Seiani,
459 953 524 1014 quo
545 951 580 990 se
604 931 766 1010 scripsisse
793 943 945 1010 testatur,
974 936 1230 1016 septuagenario

211 1023 366 1083 maiorem
385 1024 484 1084 fuisse
505 1027 685 1104 oportuerit
692 1047 701 1104 3
723 1027 810 1108 quod
832 1030 902 1090 veri
923 1030 1027 1089 simile
1047 1051 1113 1090 non
1133 1031 1232 1094 vide-

212 1125 275 1174 tur.
315 1117 387 1196 Ipse
408 1119 491 1178 enim
511 1120 581 1180 Lib.
601 1123 655 1185 Ν.
675 1123 760 1202 Epil.
785 1143 829 1185 vs,
852 1122 899 1186 16.
921 1123 1020 1204 (Epil.
1043 1125 1081 1183 L.
1103 1126 1156 1184 ΙΙΙ.
1178 1126 1230 1188 16.

216 1231 261 1286 17.
282 1225 409 1270 nostrae
431 1215 535 1296 Edit.)
555 1216 599 1304 de
621 1237 656 1280 se
673 1218 827 1304 loquens,
849 1221 895 1283 sie
916 1243 1016 1283 unum
1039 1241 1058 1282 e
1081 1223 1147 1282 suis
1167 1219 1231 1308 p'a7

212 1303 313 1379 tronis
337 1303 501 1370 admonet:

453 1402 540 1482 Olim
561 1407 649 1469 senio
670 1408 810 1474 debilem

324 1497 465 1576 xFrustra
486 1499 635 1561 adiuvare
659 1502 782 1566 bonitas
801 1508 921 1569 nitetur
940 1519 1006 1572 tua.

212 1597 303 1654 Tune
324 1615 404 1675 ergo
425 1616 489 1655 non
512 1608 581 1655 erat
601 1618 706 1683 neque
727 1623 839 1682 senex,
870 1627 976 1691 neque
1003 1607 1092 1668 senio
1114 1609 1231 1690 proxi·
1330 1685 1331 1690 ἵ

211 1711 292 1752 mus.
329 1691 504 1752 Praeterea
528 1693 554 1752 si
574 1693 728 1756 abductus
750 1715 790 1756 eo
812 1712 959 1785 tempore
980 1703 1013 1763 in
1034 1704 1232 1766 servitutem
1330 1705 1331 1776 i

106 1809 108 1818 ’
211 1786 342 1861 suisset,
364 1796 492 1865 captum
512 1808 581 1848 esse
603 1809 674 1851 oum
689 1793 779 1854 victis
793 1796 847 1856 vel
860 1797 1054 1876 Thracibus,
1076 1801 1232 1863 vel‘Bes-
1330 1799 1331 1848 ἶ

213 1882 257 1942 sis
280 1879 448 1938 dicendum
466 1879 569 1959 foret,
589 1885 644 1967 qui
665 1884 792 1946 barbari
812 1889 911 1972 longe
934 1892 974 1951 ad
987 1894 1233 1957 Auctorisnos-
1300 1934 1302 1937 -
1330 1915 1331 1968 g

211 1975 256 2036 tri
274 1974 376 2054 patria
398 1975 610 2056 (Macedonia)
634 1993 724 2039 erant
745 1983 786 2040 ad
806 1988 1056 2064 septentrionem
1075 1992 1230 2053 remoti.»
1330 2063 1331 2070 ἵ

292 2063 475 2142 Phaedrus,
495 2080 598 2130 aetate
616 2075 733 2152 puerili
754 2091 882 2158 eaptus,
912 2085 1021 2146 nescio
1045 2109 1109 2170 quo
1138 2109 1233 2170 oasu,
1330 2103 1331 2124 ³

212 2161 350 2220 Romam
373 2156 559 2240 deportatus
573 2163 720 2248 Augusto
741 2170 927 2250 imperatori
949 2184 1143 2264 mancipatus
1166 2200 1233 2266 est,
1330 2189 1331 2228 3

213 2253 270 2339 qui
291 2271 380 2327 eum,
409 2253 453 2313 'ob
472 2275 598 2318 morum
617 2263 810 2340 probitatem
832 2283 927 2353 atque
956 2275 1073 2358 ingenii
1096 2281 1233 2364 elegan-

113 2415 119 2420 ν
213 2352 308 2425 tiam,
330 2346 421 2408 bonis
442 2351 554 2412 litteris
580 2358 705 2418 curavit
724 2359 968 2444 instituendum,
1001 2384 1034 2432 et
1055 2380 1233 2441 manumis-

185 2467 190 2512 ῑ
214 2469 285 2510 sum
307 2444 457 2506 libertate
485 2444 615 2510 donavit
636 2452 680 2532 l³).
729 2445 858 2518 Litteris
885 2475 992 2523 antem
1013 2469 1134 2528 Latinis
1157 2473 1232 2533 Ro-

213 2557 286 2605 mee
308 2543 466 2604 imbutum
488 2539 588 2604 luisse
608 2547 807 2629 Phaedrum,
833 2555 944 2615 velex
964 2560 1048 2640 Epil.
1069 2566 1107 2626 L.
1122 2569 1229 2634 lll.·v.

214 2641 267 2704 33.
289 2662 336 2723 sq.
360 2636 448 2718 (alias
469 2634 539 2697 Lib.
563 2641 618 2704 IV.
639 2644 740 2710 XXV.
767 2647 817 2710 33.
842 2651 908 2732 34.)
941 2668 1051 2736 potest
1077 2661 1228 2747 intelligi,

215 2753 280 2819 qno
301 2732 374 2792 loco
395 2753 435 2794 ex
452 2734 552 2794 Ennii
568 2737 712 2819 Telepho
734 2761 864 2805 versum
883 2768 1059 2834 memorat,
1079 2780 1177 2844 quem
1188 2783 1227 2824 se

126 2899 131 2910 1
214 2850 354 2914 puerum
375 2832 533 2914 quondam
553 2830 670 2914 legisse
693 2845 849 2919 testatur,
871 2843 966 2907 huius
990 2853 1182 2918 sententiae:

315 2929 411 2982 Polam
428 2931 527 2982 mutire
541 2929 645 3000 plebeio
661 2933 801 3001 piaculum
817 2948 867 2990 est.

228 3053 426 3069 m

268 3115 295 3184 x)
312 3118 387 3184 Disp.
404 3119 425 3170 1.
443 3120 477 3172 de
493 3121 547 3170 Vit.
567 3119 682 3175 Phaedri
700 3127 745 3178 cit.
764 3147 791 3198 p.
810 3149 846 3182 vr.
879 3133 940 3184 Mea
962 3139 1071 3204 quidem
1088 3103 1223 3196 sententia

217 3187 309 3248 loeus,
326 3201 405 3251 quem
423 3205 484 3238 mox
502 3189 578 3240 affert
595 3190 791 3263 Desbillonius,
806 3217 866 3248 non
877 3207 1001 3270 tempore
1011 3207 1098 3258 Seiani
1112 3209 1221 3262 sedCa-

216 3255 314 3320 ligulae
332 3255 444 3320 scriptus
463 3266 510 3305 est.
544 3257 611 3306 Nam
629 3261 693 3311 Fnb.
712 3266 776 3314 nlius
794 3267 877 3316 XXV.
896 3269 927 3318 L.
947 3271 993 3322 IV.
1014 3292 1075 3325 cum
1087 3278 1222 3329 Brotierio
1330 3265 1331 3326 i

218 3329 246 3371 et
262 3321 409 3388 Bipontinis
427 3322 530 3374 Editor.
550 3325 685 3390 epilogum
701 3330 758 3381 sieri
777 3334 841 3382 iussi
859 3334 920 3390 Lib.
937 3337 985 3390 ΠΙ.
1005 3344 1081 3392 cuius
1105 3347 1223 3414 prologo
1330 3334 1331 3366 ³

219 3387 254 3439 ad
271 3386 418 3454 Eutychum
436 3389 506 3440 beno
523 3393 677 3458 respondet.

268 3469 293 3539 ‘)
308 3470 430 3522 Harlesii
445 3471 529 3523 Notit.
547 3473 671 3528 Litteras.
690 3479 765 3532 Rom.
782 3499 811 3551 p.
831 3481 890 3549 435.
904 3485 1020 3542 crosno
1034 3495 1056 3545 1.
1071 3512 1094 3548 c.
1106 3514 1134 3566 p.
1146 3499 1205 3552 350.
