2678 3978
538 441 684 483 PHAEDRI
705 438 904 482 FABULARUM

657 602 731 644 rae.
754 581 776 641 li

529 709 616 775 anns
635 719 683 771 An
701 709 904 771 auenomtt.

159 888 165 892 .
218 840 304 914 Anus
326 827 438 901 iacere
451 838 530 907 vidit
549 847 676 920 epotam
698 832 900 916 amphoram,

127 971 130 976 .
217 919 330 982 Adhuc
350 921 484 980 Falerna
505 918 597 979 i'acce
620 927 652 976 et
670 926 752 976 testa
773 913 871 977 nobili

218 1000 364 1062 Odorem
385 1021 466 1084 quae
486 996 657 1059 iucundum
680 998 742 1056 late
763 1005 938 1076 spargeret.

179 1087 181 1098 ⁴
217 1083 310 1142 Hunc
331 1093 499 1163 postquam
519 1077 595 1138 totis
618 1076 708 1136 avida
727 1075 822 1134 traxit
843 1074 986 1150 naribus:
1082 1093 1088 1106 ·

218 1160 248 1222 Ο
268 1162 374 1223 'suavis
397 1158 511 1219 anima!
556 1158 627 1218 uale
651 1155 737 1216 inte
762 1156 863 1216 dicam
882 1154 1001 1214 honum
1203 1157 1225 1216 5

218 1242 358 1302 Antehac
379 1239 495 1316 fuisse,
515 1179 593 1299 tiles
616 1259 713 1320 quum
734 1233 793 1295 sint
813 1233 996 1318 reliquiae?

256 1323 328 1382 Hoc
349 1341 414 1402 quo
435 1319 613 1399 pertineat,
635 1318 738 1392 dicet,
761 1316 816 1400 qui
836 1313 1045 1384 memorarit.

511 1470 514 1481 ι
604 1468 816 1486 w

648 1606 724 1664 ian.
744 1601 779 1660 ll.

490 1735 671 1788 PANTHERA
691 1738 736 1786 ET
754 1733 940 1786 PASTORES.

217 1847 309 1916 Solet
330 1876 347 1914 a
368 1856 525 1937 despectis
540 1879 604 1998 par
624 1852 742 1920 referri
765 1841 873 1940 gratia.

253 1935 412 1998 Panthera
434 1939 537 2020 impru
562 1961 615 1999 ens
637 1941 712 1999 olim
732 1938 763 1997 in
783 1936 911 1998 foveam
933 1933 1058 1995 decidit

215 2014 335 2078 Videre
355 2031 512 2096 agrestes:
538 2019 589 2079 alii
613 2019 714 2080 fustes
738 2028 930 2097 congerunt,

215 2095 278 2153 Alii
300 2108 432 2156 onerant
451 2097 548 2174 saxis3
570 2100 697 2180 quidam
717 2106 828 2157 contra
848 2095 999 2172 miseriti,

214 2175 381 2234 Periturae
403 2176 539 2257 quippe,
565 2178 706 2261 quamvis
727 2197 821 2237 nemo
842 2176 1002 2254 laederet,
1168 2172 1170 2180 ’
1195 2179 1219 2240 5

214 2254 331 2329 Misere
351 2276 480 2336 panem;
503 2265 537 2318 ut
561 2259 731 2318 sustineret
753 2257 907 2337 spiritum.

215 2335 285 2393 Nox
304 2335 445 2394 insecuta
465 2347 529 2397 esta
552 2337 668 2398 abeunt
690 2337 795 2402 scc'ur'i
816 2337 962 2415 domum,-

216 2413 313 2494 Quasi
333 2415 490 2484 inventuri
513 2430 670 2478 mortuam
690 2417 854 2500 postridie.

214 2495 346 2573 Atilia,
368 2495 451 2557 vires
472 2508 508 2558 ut
529 2497 645 2560 refecit
666 2497 843 2580 languidas,

214 2571 328 2658 Veloci
348 2570 428 2635 saltu
446 2576 542 2639 fovea
562 2599 632 2639 sese
654 2579 785 2652 liberat,

214 2656 257 2716 Et
277 2656 308 2715 in
328 2654 433 2725 cubile
453 2659 577 2718 concito
598 2670 752 2740 properat
772 2655 881 2739 gradus

212 2735 325 2798 Paucis
346 2735 457 2798 diebus
474 2737 669 2820 interpositis
690 2739 856 2820 provolat,

265 2963 332 3028 Fal».
349 2977 378 3043 l,
396 2995 424 3028 v.
444 2995 468 3030 a.
485 2978 525 3031 Ila
542 2979 630 3031 Codd.
651 2987 677 3030 ct
694 2973 841 3048 pleraeque
859 2967 927 3028 Edd.
947 2971 1052 3029 Gudius
1070 2982 1141 3031 coni.
1153 2979 1210 3030 Ad·
1316 3003 1317 3046 ᾗ

213 3044 265 3094 duc
277 3047 393 3096 Falerna
402 3045 497 3115 sciere,
512 3065 525 3097 c
540 3047 722 3109 testn'nobi'li,
742 3047 815 3115 quod
830 3048 919 3097 multis
935 3046 1083 3099 editoribus
1097 3049 1211 3115 placuit.
1316 3063 1317 3070 ¹

212 3114 356 3164 Iannellius
367 3113 400 3164 ad
410 3115 541 3166 Codicum
558 3118 704 3168 lectionem
722 3114 850 3166 tuendam
866 3113 959 3164 laudat
974 3115 1038 3165 lior.
1049 3115 1131 3184 Epist.
1141 3116 1162 3180 l,
1183 3133 1210 3181 a,

203 3179 263 3252 fin.
280 3183 394 3232 Martial.
411 3184 500 3250 Epigr.
518 3185 572 3248 111,
598 3185 639 3235 58.
655 3185 773 3236 Iuvenal.
793 3183 848 3232 Sat.
867 3182 934 3245 VII,
959 3200 983 3232 v.
1002 3183 1060 3249 431.
1080 3212 1113 3223 -
1131 3199 1161 3232 v.
1184 3187 1211 3236 5.

213 3250 253 3300 lta
271 3248 419 3300 ernsndavit
434 3250 546 3302 Gudlus.
566 3249 653 3302 Codd.
673 3249 742 3302 Pith.
762 3259 788 3302 et
807 3251 878 3300 Rem.
899 3249 1005 3318 qttalem
1019 3262 1045 3300 te
1058 3249 1147 3302 dicam
1161 3250 1210 3302 bo·

214 3333 293 3378 nam;
308 3316 376 3368 cod.
392 3319 493 3369 Perett.
513 3320 592 3388 quale
609 3330 634 3368 tc
651 3318 740 3370 dicam
754 3317 861 3369 bostiam.
1064 3345 1069 3350 ·

264 3385 332 3436 rab.
351 3385 389 3449 ll,
407 3393 436 3436 v.
455 3384 479 3452 4.
499 3389 543 3436 Ob
562 3396 689 3451 metrum,
709 3387 782 3454 quod
796 3384 888 3454 primis
903 3386 1013 3437 vocibus
1027 3384 1079 3436 elii
1092 3395 1212 3442 onerant

157 3473 161 3480 -
214 3453 316 3504 turbari
335 3451 483 3514 videretur,
507 3456 551 3506 alii
578 3455 655 3507 aliter
672 3457 763 3508 locum
781 3458 926 3506 tentarunt.
945 3453 988 3508 Cs.
1007 3453 1158 3507 Dcsbillon.
1173 3455 1209 3506 ad
1315 3463 1316 3476 ¹

216 3523 317 3574 calcem
336 3528 442 3572 nostrae
461 3503 503 3572 ed·
