2610 4002
539 433 687 478 rustum
708 431 859 482 refluum

630 593 705 638 raa.
725 574 764 634 X.

447 709 720 765 PATEBFAMILIAS
736 711 783 762 ET
799 709 962 766 AESOPUS.

377 833 526 919 Quomodo
546 832 693 893 thmuuda
709 840 750 894 sit
765 830 861 911 saroa>
884 839 1022 893 meatus.

205 959 435 1023 Paterfamilias
454 981 584 1024 saevum
605 959 741 1022 habebat
760 957 868 1020 filium.

204 1040 266 1102 Hie
288 1063 307 1103 c
328 1055 500 1124 conspectu
518 1063 616 1125 quum
638 1042 734 1122 patris
757 1052 953 1117 recesserat,

205 1121 400 1184 Verberibus
421 1143 531 1186 servos
551 1119 708 1182 afficiebat
726 1121 888 1202 plurimis,

204 1203 247 1261 Et
267 1203 439 1264 erercebat
458 1201 613 1264 fervidam
637 1193 890 1262 adolescentiam.

203 1283 350 1363 Aesopus
371 1303 449 1366 ergo
468 1292 574 1342 narrat
593 1281 656 1341 hoc
675 1281 818 1345 breviter
838 1280 914 1340 seni.

204 1362 339 1442 Quidam
358 1363 493 1426 iuvenco
513 1361 656 1423 vetulum
676 1359 865 1444 adiungebat
885 1359 1011 1422 bovem.

204 1445 232 1502 Is
253 1464 368 1525 quum,
390 1441 553 1524 refugiens
573 1440 686 1521 impari
704 1442 790 1502 coilo
808 1440 935 1522 iugum,

203 1523 324 1583 Aetatis
341 1533 509 1583 excusaret
529 1521 614 1582 vires
635 1521 812 1604 languidas,

204 1605 292 1664 »Non
313 1603 469 1688 estquod
489 1602 636 1679 timeam
657 1602 758 1685 inquit
777 1600 823 1660 illi
841 1599 995 1660 rusticus:

203 1684 309 1761 »Nom
330 1695 366 1744 ut
383 1682 528 1759 labores,
551 1683 651 1758 duco,
674 1682 732 1744 sed
751 1693 788 1742 ut
805 1681 901 1740 istum
924 1681 1053 1758 domes,
1162 1702 1199 1741 ro

203 1763 290 1857 »Qui
309 1765 397 1826 calce
418 1776 451 1825 et
471 1784 570 1826 cornu
593 1765 708 1823 multos
731 1761 837 1822 reddit
855 1760 1006 1820 debiles«
1078 1775 1080 1784 ·
1298 1769 1299 1772 ’

202 1843 255 1905 Sic
274 1855 327 1921 tu,
348 1845 424 1921 nisi,
444 1856 551 1904 natum
569 1853 675 1903 tecum
696 1841 820 1902 assidue
841 1841 977 1914 retium,

202 1924 404 2008 Servumque
423 1925 454 1984 in
478 1922 582 1984 enium
602 1923 793 2004 comprimes
813 1920 995 1996 clementia,

201 2003 285 2067 Vide
305 2025 344 2064 ne
364 1946 496 2086 quercia
515 2002 616 2063 maior
633 2013 794 2064 accrescat
812 2001 936 2062 domus.

177 2100 184 2112 ·
202 2083 372 2145 Atrocitati
392 2081 598 2145 mansuetudo
618 2094 666 2144 est
686 2080 870 2142 remedium.
1162 2087 1199 2148 15

201 2241 403 2260 -u-k——a

251 2344 320 2398 Fui.
336 2347 375 2413 X,
396 2361 426 2398 v.
444 2344 470 2413 4,
494 2345 610 2400 Cassitus
628 2362 643 2398 a
664 2343 772 2398 Codicis
794 2347 913 2400 lectione
937 2345 1068 2401 recedens
1098 2343 1198 2400 ervi'do

203 2413 398 2482 urdoiescentiu.
416 2448 451 2458 -
467 2433 497 2467 v.
514 2419 540 2470 5.
558 2418 599 2468 Ita
617 2415 685 2468 Cod.
704 2429 783 2484 quem
802 2415 918 2469 Cassitus
936 2419 963 2468 in
980 2417 1053 2466 Ed.I
1080 2419 1197 2484 ,sequi-

202 2493 258 2552 tui-3
281 2488 310 2536 iu
333 2486 468 2554 prioribus
486 2494 575 2536 autem
592 2485 660 2536 Edd.
686 2485 755 2535 suis:
779 2496 882 2535 narrat
904 2487 956 2536 laoc
981 2485 1140 2537 brevissime.
1160 2507 1197 2550 ⁶.-

202 2570 232 2604 v.
252 2566 291 2604 10.
310 2551 379 2604 Cod.
395 2555 542 2606 secundum
552 2555 702 2621 exemplum
712 2552 853 2602 Burmann.
872 2564 902 2603 ut
912 2554 1020 2603 labores
1033 2550 1105 2615 dico,
1121 2554 1198 2607 unde

202 2615 311 2672 B'othius
329 2621 409 2672 duco.
427 2621 506 2690 Apud
516 2623 673 2673 Iannellium
685 2620 794 2672 Codicis
812 2621 892 2672 lectio
908 2623 944 2673 ita
961 2631 1196 2690 repraesentatur:

203 2688 267 2740 Non
287 2702 317 2741 ut
334 2690 346 2739 1
352 2689 452 2740 b
472 2688 522 2739 sed
537 2696 587 2740 etc.
606 2698 633 2740 et
651 2707 669 2752 e¹
684 2690 832 2738 litterarum
857 2691 970 2757 vestigiis
992 2692 1109 2741 restituit
1129 2692 1197 2740 Non

203 2769 235 2807 ut
252 2755 361 2808 iabores
372 2755 464 2826 facio.
482 2758 613 2809 Cassitus:
633 2758 696 2806 Non
713 2767 745 2807 ut
761 2756 869 2807 iabores
888 2757 979 2820 iurati,
998 2759 1102 2810 Romuli
1113 2775 1195 2827 para·

202 2825 311 2941 ghrasin
328 2829 450 2891 secutus3
478 2825 543 2876 Non
561 2837 591 2875 ut
609 2824 739 2875 laboretis
755 2842 802 2874 vos
820 2826 915 2892 iungo.
935 2855 967 2867 -
985 2843 1014 2876 v.
1035 2826 1195 2878 11.ItuCo-

223 2912 270 2961 ex,
298 2895 346 2944 etsi
370 2893 403 2943 ab
426 2894 502 2944 initio
528 2907 617 2943 versus
636 2894 797 2961 aliquantum
819 2893 891 2961 apud
908 2894 1064 2946 Iannellium
1082 2896 1195 2944 mutilus

204 2970 323 3031 apparet.
342 2961 435 3015 Cassii.
451 2961 500 3011 Ed.
517 2962 564 3010 111.
586 2961 680 3028 Vagus
698 2961 748 3030 qui
763 2977 852 3011 cornu
867 2962 966 3012 multos
985 2973 1035 3014 cet.
1049 2966 1075 3014 in
1085 2962 1134 3012 Ed.
1144 2963 1194 3013 lV.

202 3037 290 3082 tamen
308 3039 338 3080 ut
354 3044 402 3080 nos
420 3030 550 3081 dedimus.
567 3056 602 3068 -
617 3046 646 3079 v.
668 3044 706 3078 ra.
718 3026 850 3083 Cassitus:
870 3028 975 3080 detines
986 3049 1056 3082 -v.
1068 3033 1107 3083 13.
1121 3030 1195 3083 eod.

205 3130 228 3146 ..
239 3133 263 3147 ..
281 3099 390 3165 genium
407 3099 557 3167 comprimis
575 3095 730 3159 clamentiu5
755 3096 826 3149 unde
845 3097 960 3149 Cassitus
978 3098 1028 3148 Ed.
1053 3100 1101 3149 111.
1124 3097 1193 3148 Sue-

166 3223 169 3230 ·
206 3181 317 3234 rumque
333 3168 487 3232 ingenium,
505 3165 553 3215 Ed.
566 3163 612 3215 lv.
630 3161 669 3215 Et
687 3181 794 3215 suevum
805 3166 943 3233 ingenium
953 3166 1192 3218 launelliusEius·

205 3249 257 3303 que
271 3235 405 3299 ingenium
410 3252 422 3297 ;
438 3233 546 3284 Bothius
554 3233 712 3284 Dorvillium
731 3239 849 3287 secutus:
867 3233 914 3284 Sic
931 3247 962 3286 tu
980 3236 1038 3285 uisi
1047 3247 1139 3286 uatum
1150 3245 1191 3284 te·

204 3318 263 3353 cum
281 3299 391 3352 assidue
408 3304 543 3366 rumam,
560 3301 652 3353 Ferox
670 3299 810 3369 ingenium
826 3304 983 3374 comprimes
1001 3304 1150 3357 clementia.

597 3490 793 3508 m
