2610 4002
431 1053 908 1132 'rumoni

228 1231 651 1345 cancamum
707 1183 1155 1348 anseranum

536 1454 734 1508 'LIBER
769 1458 802 1519 V,

520 1716 856 1782 PROLOGUS.

191 1869 313 1954 Aesopi
331 1889 447 1934 nomen
469 1865 568 1929 eicubi
588 1867 829 1962 interposuere,

192 1952 253 2013 Cui
273 1949 399 2012 reddidi
416 1949 478 2010 iam
496 1946 638 2033 pridem,
658 1948 811 2033 ‹sinequid
830 1941 945 2025 debui,
1043 1943 1045 1950 ’

190 2030 397 2094 Auctoritatis
419 2047 489 2090 esse
509 2028 590 2089 scito
611 2029 735 2108 gratiae*
966 2049 969 2058 ·

190 2111 233 2171 Ut
253 2109 381 2196 quidam
402 2105 538 2168 artifices
557 2119 667 2167 nostro
688 2106 808 2167 faciunt
832 2105 979 2184 saeculo,

189 2191 257 2331 §tui
276 2188 416 2271 pretium
435 2185 585 2267 operibus
606 2187 703 2246 maius
723 2185 901 2261 inveniunt,
921 2207 1005 2254 novo
1115 2219 1121 2230 ι

215 2271 225 2330 i
245 2267 399 2330 marmori
420 2265 656 2348 adscripserunt
675 2266 869 2328 Praxitelem
889 2287 966 2343 suo,

190 2351 282 2412 'frito
306 2359 339 2408 et
359 2349 522 2427 Myronem
541 2358 691 2428 argento,
712 2345 838 2408 tabulae
858 2357 891 2408 et
910 2345 1086 2410 Zeuxidem

188 2431 266 2494 Ideo
284 2427 444 2490 fuscatae:
465 2425 537 2509 plus
556 2428 688 2492 vetustis
709 2449 779 2488 nam
802 2426 891 2488 favet

189 2510 308 2575 invidia
326 2507 475 2583 mordax,
490 2529 591 2648 ffuam
611 2506 701 2570 b'onis
721 2505 951 2590 praesentibus}

155 2629 158 2634 -
188 2579 255 2654 Sed
272 2591 335 2657 iam
354 2587 394 2652 ad
413 2587 488 2653 fabe

190 2739 388 2759 uun—‘'¹-

239 2827 353 2898 Prolog.
367 2844 397 2880 v.
418 2844 432 2901 7
453 2835 481 2882 et
498 2827 523 2879 8.
547 2826 674 2881 Dedimus
692 2825 851 2878 Desbillonii
876 2825 1070 2880 coniecturam.
1094 2827 1185 2882 Codd.
1295 2855 1296 2882 ι

185 2905 215 2962 et
231 2898 334 2968 primae
352 2896 420 2948 Edd.
440 2899 520 2968 piane
537 2897 682 2952 mendose:
698 2895 807 2945 Detrito
824 2893 972 2956 Myronem
991 2911 1119 2964 argento.
1130 2895 1185 2966 fo·

185 2965 264 3020 tatae
282 2963 434 3028 exaudiant
450 2963 524 3018 Adeo
534 2962 663 3033 fugatae.
682 2963 749 3014 Plus
769 2965 880 3014 vetustis
898 2971 949 3014 etc.
978 2965 1105 3016 Omnium
1126 2967 1185 3018 sere

185 3041 249 3090 aunt
267 3033 401 3086 editorum
418 3031 453 3086 ad
470 3032 542 3086 hunc
559 3035 650 3085 locum
669 3034 858 3096 coniecturae,
876 3047 939 3099 quas
956 3031 1026 3082 ut'in
1038 3051 1068 3085 re
1079 3035 1187 3086 incerta

514 2610 563 2650 am
583 2587 652 2650 talis
673 2587 809 2671 exempli
829 2587 931 2650 feror.
1150 2607 1187 2648 ιο
1296 2593 1297 2602 ’

185 3116 342 3155 enumerare
359 3098 535 3158 non'attinet.
551 3102 666 3154 Multum
684 3116 712 3150 ae
737 3099 908 3150 commendat
923 3099 1036 3152 Bentleii
1062 3103 1186 3170 suspicio
1294 3121 1295 3124 ¹

185 3169 223 3224 ita
240 3168 395 3221 scribentis:
413 3167 447 3218 Si
463 3171 594 3219 marmori
604 3167 782 3236 'ctdscripsere
797 3167 968 3228 Praxitelen,
988 3167 1100 3238 Scopae
1111 3171 1185 3232 Acri,

185 3236 330 3304 Myronem
348 3248 481 3304 argemo,
500 3235 774 3292 tobalealeuxidem.
793 3233 866 3287 Adeo
876 3232 995 3306 fucatae
1009 3237 1073 3310 pices
1095 3250 1184 3292 vetus-

188 3305 244 3366 tati
251 3299 333 3387 seret
349 3303 461 3368 Invidia
478 3303 604 3364 mordax.
844 3323 847 3328 ·

504 3483 510 3500 t
597 3488 757 3512 μ...-
