<?xml version="1.0" encoding="UTF-8"?>
<!DOCTYPE html PUBLIC "-//W3C//DTD XHTML 1.0 Transitional//EN"
    "http://www.w3.org/TR/xhtml1/DTD/xhtml1-transitional.dtd">
<html xmlns="http://www.w3.org/1999/xhtml" xml:lang="en" lang="en">
 <head>
  <title>
</title>
<meta http-equiv="Content-Type" content="text/html;charset=utf-8" />
  <meta name='ocr-system' content='tesseract 3.04.00' />
  <meta name='ocr-capabilities' content='ocr_page ocr_carea ocr_par ocr_line ocrx_word'/>
</head>
<body>
  <div class='ocr_page' id='page_1' title='image "./phaedriaugustil00aesogoog_0116.png"; bbox 0 0 2610 4002; ppageno 0'>
   <div class='ocr_carea' id='block_1_1' title="bbox 444 436 727 518">
    <p class='ocr_par' dir='ltr' id='par_1_1' title="bbox 444 436 727 518">
     <span class='ocr_line' id='line_1_1' title="bbox 444 436 727 518; baseline -0.007 -18"><span class='ocrx_word' id='word_1_1' title='bbox 444 459 510 502; x_wconf 76' lang='lat' dir='ltr'><strong>ms·</strong></span> <span class='ocrx_word' id='word_1_2' title='bbox 533 436 581 516; x_wconf 88' lang='lat' dir='ltr'><strong>V,</strong></span> <span class='ocrx_word' id='word_1_3' title='bbox 603 459 677 500; x_wconf 75' lang='lat' dir='ltr'><strong>esu.</strong></span> <span class='ocrx_word' id='word_1_4' title='bbox 698 461 727 518; x_wconf 85' lang='lat'><strong>7.</strong></span> 
     </span>
    </p>
   </div>
   <div class='ocr_carea' id='block_1_2' title="bbox 54 598 1084 2367">
    <p class='ocr_par' dir='ltr' id='par_1_2' title="bbox 86 598 849 683">
     <span class='ocr_line' id='line_1_2' title="bbox 86 598 849 683; baseline 0.008 -24"><span class='ocrx_word' id='word_1_5' title='bbox 86 598 227 680; x_wconf 82' lang='lat' dir='ltr'><strong>Adducit</strong></span> <span class='ocrx_word' id='word_1_6' title='bbox 247 602 371 683; x_wconf 87' lang='lat' dir='ltr'><strong>pretio,</strong></span> <span class='ocrx_word' id='word_1_7' title='bbox 390 600 557 683; x_wconf 89' lang='lat' dir='ltr'><strong>precibus,</strong></span> <span class='ocrx_word' id='word_1_8' title='bbox 576 612 613 662; x_wconf 90' lang='lat' dir='ltr'><strong>ut</strong></span> <span class='ocrx_word' id='word_1_9' title='bbox 632 601 849 666; x_wconf 86' lang='lat' dir='ltr'><strong>tantummodo</strong></span> 
     </span>
    </p>

    <p class='ocr_par' dir='ltr' id='par_1_3' title="bbox 86 680 707 744">
     <span class='ocr_line' id='line_1_3' title="bbox 86 680 707 744; baseline 0 -6"><span class='ocrx_word' id='word_1_10' title='bbox 86 681 98 738; x_wconf 91' lang='lat'>1</span> <span class='ocrx_word' id='word_1_11' title='bbox 124 700 160 739; x_wconf 90' lang='lat' dir='ltr'><strong>so</strong></span> <span class='ocrx_word' id='word_1_12' title='bbox 180 680 329 742; x_wconf 83' lang='lat' dir='ltr'><strong>ludorum</strong></span> <span class='ocrx_word' id='word_1_13' title='bbox 349 681 536 744; x_wconf 84' lang='lat' dir='ltr'><strong>ostenderet</strong></span> <span class='ocrx_word' id='word_1_14' title='bbox 555 701 625 742; x_wconf 89' lang='lat' dir='ltr'><strong>sese</strong></span> <span class='ocrx_word' id='word_1_15' title='bbox 646 680 707 740; x_wconf 90' lang='lat' dir='ltr'><strong>die.</strong></span> 
     </span>
    </p>

    <p class='ocr_par' dir='ltr' id='par_1_4' title="bbox 85 700 1081 925">
     <span class='ocr_line' id='line_1_4' title="bbox 85 700 1081 900; baseline 0.005 -81"><span class='ocrx_word' id='word_1_16' title='bbox 85 700 153 900; x_wconf 54' lang='lat' dir='ltr'><strong>§ui</strong></span> <span class='ocrx_word' id='word_1_17' title='bbox 173 761 265 820; x_wconf 90' lang='lat' dir='ltr'><strong>simul</strong></span> <span class='ocrx_word' id='word_1_18' title='bbox 285 761 427 838; x_wconf 85' lang='lat' dir='ltr'><strong>advenit,</strong></span> <span class='ocrx_word' id='word_1_19' title='bbox 449 783 560 823; x_wconf 90' lang='lat' dir='ltr'><strong>rumor</strong></span> <span class='ocrx_word' id='word_1_20' title='bbox 580 760 620 822; x_wconf 90' lang='lat' dir='ltr'><strong>de</strong></span> <span class='ocrx_word' id='word_1_21' title='bbox 640 758 768 821; x_wconf 83' lang='lat' dir='ltr'><strong>tibicine</strong></span> <span class='ocrx_word' id='word_1_22' title='bbox 1041 781 1081 828; x_wconf 77' lang='lat' dir='ltr'><strong>so</strong></span> 
     </span>
     <span class='ocr_line' id='line_1_5' title="bbox 115 837 1007 925; baseline 0.006 -25"><span class='ocrx_word' id='word_1_23' title='bbox 115 839 209 902; x_wconf 84' lang='lat' dir='ltr'><strong>remit</strong></span> <span class='ocrx_word' id='word_1_24' title='bbox 229 840 261 900; x_wconf 90' lang='lat' dir='ltr'><strong>in</strong></span> <span class='ocrx_word' id='word_1_25' title='bbox 282 841 425 910; x_wconf 81' lang='lat' dir='ltr'><strong>theatro:</strong></span> <span class='ocrx_word' id='word_1_26' title='bbox 447 841 573 925; x_wconf 88' lang='lat' dir='ltr'><strong>quidam</strong></span> <span class='ocrx_word' id='word_1_27' title='bbox 594 837 752 902; x_wconf 79' lang='lat' dir='ltr'><strong>affirmant</strong></span> <span class='ocrx_word' id='word_1_28' title='bbox 769 851 949 924; x_wconf 84' lang='lat' dir='ltr'><strong>mortuum,</strong></span> <span class='ocrx_word' id='word_1_29' title='bbox 1001 863 1007 872; x_wconf 91' lang='lat'><strong>·</strong></span> 
     </span>
    </p>

    <p class='ocr_par' dir='ltr' id='par_1_5' title="bbox 86 919 926 1013">
     <span class='ocr_line' id='line_1_6' title="bbox 86 919 926 1013; baseline 0.006 -34"><span class='ocrx_word' id='word_1_30' title='bbox 86 920 224 1013; x_wconf 78' lang='lat' dir='ltr'><strong>Quidam</strong></span> <span class='ocrx_word' id='word_1_31' title='bbox 244 921 276 981; x_wconf 93' lang='lat' dir='ltr'><strong>in</strong></span> <span class='ocrx_word' id='word_1_32' title='bbox 297 941 371 982; x_wconf 90' lang='lat' dir='ltr'><strong>cons</strong></span> <span class='ocrx_word' id='word_1_33' title='bbox 396 933 500 999; x_wconf 86' lang='lat' dir='ltr'><strong>ectum</strong></span> <span class='ocrx_word' id='word_1_34' title='bbox 518 922 720 1003; x_wconf 79' lang='lat' dir='ltr'><strong>proditurum</strong></span> <span class='ocrx_word' id='word_1_35' title='bbox 741 919 806 986; x_wconf 91' lang='lat' dir='ltr'><strong>sinc</strong></span> <span class='ocrx_word' id='word_1_36' title='bbox 826 943 926 984; x_wconf 90' lang='lat' dir='ltr'><strong>mora.</strong></span> 
     </span>
    </p>

    <p class='ocr_par' dir='ltr' id='par_1_6' title="bbox 85 987 739 1079">
     <span class='ocr_line' id='line_1_7' title="bbox 85 987 739 1079; baseline -0.003 -17"><span class='ocrx_word' id='word_1_37' title='bbox 85 1000 208 1062; x_wconf 82' lang='lat' dir='ltr'>Aulaeo</span> <span class='ocrx_word' id='word_1_38' title='bbox 228 1001 341 1078; x_wconf 88' lang='lat' dir='ltr'><strong>misso,</strong></span> <span class='ocrx_word' id='word_1_39' title='bbox 385 1001 520 1064; x_wconf 86' lang='lat' dir='ltr'><strong>evolutis</strong></span> <span class='ocrx_word' id='word_1_40' title='bbox 539 987 739 1079; x_wconf 76' lang='lat' dir='ltr'><strong>tonitrubus,</strong></span> 
     </span>
    </p>

    <p class='ocr_par' dir='ltr' id='par_1_7' title="bbox 84 1080 666 1148">
     <span class='ocr_line' id='line_1_8' title="bbox 84 1080 666 1148; baseline 0 -7"><span class='ocrx_word' id='word_1_41' title='bbox 84 1082 130 1141; x_wconf 85' lang='lat' dir='ltr'><strong>Di</strong></span> <span class='ocrx_word' id='word_1_42' title='bbox 150 1093 221 1142; x_wconf 88' lang='lat' dir='ltr'><strong>sunt</strong></span> <span class='ocrx_word' id='word_1_43' title='bbox 241 1080 341 1143; x_wconf 91' lang='lat' dir='ltr'><strong>locuti</strong></span> <span class='ocrx_word' id='word_1_44' title='bbox 359 1102 448 1148; x_wconf 85' lang='lat' dir='ltr'><strong>mere</strong></span> <span class='ocrx_word' id='word_1_45' title='bbox 469 1082 666 1142; x_wconf 81' lang='lat' dir='ltr'><strong>translatitio.</strong></span> 
     </span>
    </p>

    <p class='ocr_par' dir='ltr' id='par_1_8' title="bbox 85 1157 1081 1244">
     <span class='ocr_line' id='line_1_9' title="bbox 85 1157 1081 1244; baseline 0 -22"><span class='ocrx_word' id='word_1_46' title='bbox 85 1165 176 1222; x_wconf 85' lang='lat' dir='ltr'><strong>Tunc</strong></span> <span class='ocrx_word' id='word_1_47' title='bbox 198 1161 330 1237; x_wconf 89' lang='lat' dir='ltr'><strong>chorus,</strong></span> <span class='ocrx_word' id='word_1_48' title='bbox 355 1161 498 1244; x_wconf 79' lang='lat' dir='ltr'><strong>ignotum</strong></span> <span class='ocrx_word' id='word_1_49' title='bbox 519 1173 552 1223; x_wconf 90' lang='lat' dir='ltr'><strong>et</strong></span> <span class='ocrx_word' id='word_1_50' title='bbox 570 1163 667 1223; x_wconf 92' lang='lat' dir='ltr'><strong>modo</strong></span> <span class='ocrx_word' id='word_1_51' title='bbox 688 1157 824 1225; x_wconf 85' lang='lat' dir='ltr'><strong>reducto</strong></span> <span class='ocrx_word' id='word_1_52' title='bbox 846 1161 1001 1224; x_wconf 86' lang='lat' dir='ltr'><strong>canticum</strong></span> <span class='ocrx_word' id='word_1_53' title='bbox 1042 1161 1081 1234; x_wconf 72' lang='lat'><strong>25</strong></span> 
     </span>
    </p>

    <p class='ocr_par' dir='ltr' id='par_1_9' title="bbox 84 1240 738 1322">
     <span class='ocr_line' id='line_1_10' title="bbox 84 1240 738 1322; baseline 0.005 -21"><span class='ocrx_word' id='word_1_54' title='bbox 84 1242 256 1322; x_wconf 83' lang='lat' dir='ltr'><strong>Imposuit,</strong></span> <span class='ocrx_word' id='word_1_55' title='bbox 277 1241 365 1302; x_wconf 90' lang='lat' dir='ltr'><strong>cuius</strong></span> <span class='ocrx_word' id='word_1_56' title='bbox 385 1240 465 1304; x_wconf 86' lang='lat' dir='ltr'><strong>haec</strong></span> <span class='ocrx_word' id='word_1_57' title='bbox 485 1241 547 1302; x_wconf 83' lang='lat' dir='ltr'><strong>suit</strong></span> <span class='ocrx_word' id='word_1_58' title='bbox 567 1241 738 1304; x_wconf 84' lang='lat' dir='ltr'><strong>sententia:</strong></span> 
     </span>
    </p>

    <p class='ocr_par' dir='ltr' id='par_1_10' title="bbox 84 1320 853 1404">
     <span class='ocr_line' id='line_1_11' title="bbox 84 1320 853 1404; baseline 0.003 -23"><span class='ocrx_word' id='word_1_59' title='bbox 84 1324 237 1398; x_wconf 75' lang='lat' dir='ltr'><strong>Laetare,</strong></span> <span class='ocrx_word' id='word_1_60' title='bbox 258 1321 423 1384; x_wconf 90' lang='lat' dir='ltr'><strong>incolumis</strong></span> <span class='ocrx_word' id='word_1_61' title='bbox 445 1324 564 1399; x_wconf 86' lang='lat' dir='ltr'><strong>Roma,</strong></span> <span class='ocrx_word' id='word_1_62' title='bbox 585 1321 672 1398; x_wconf 74' lang='lat' dir='ltr'><strong>saluo</strong></span> <span class='ocrx_word' id='word_1_63' title='bbox 692 1320 853 1404; x_wconf 86' lang='lat' dir='ltr'><strong>Principe.</strong></span> 
     </span>
    </p>

    <p class='ocr_par' dir='ltr' id='par_1_11' title="bbox 85 1401 918 1494">
     <span class='ocr_line' id='line_1_12' title="bbox 85 1401 918 1494; baseline 0.002 -34"><span class='ocrx_word' id='word_1_64' title='bbox 85 1405 120 1461; x_wconf 93' lang='lat' dir='ltr'><strong>In</strong></span> <span class='ocrx_word' id='word_1_65' title='bbox 140 1402 268 1494; x_wconf 87' lang='lat' dir='ltr'><strong>plausus</strong></span> <span class='ocrx_word' id='word_1_66' title='bbox 290 1413 531 1464; x_wconf 83' lang='lat' dir='ltr'><strong>consurrectum</strong></span> <span class='ocrx_word' id='word_1_67' title='bbox 552 1413 607 1462; x_wconf 88' lang='lat' dir='ltr'><strong>est.</strong></span> <span class='ocrx_word' id='word_1_68' title='bbox 649 1404 748 1462; x_wconf 87' lang='lat' dir='ltr'><strong>Iactat</strong></span> <span class='ocrx_word' id='word_1_69' title='bbox 768 1401 855 1463; x_wconf 81' lang='lat' dir='ltr'><strong>basia</strong></span> <span class='ocrx_word' id='word_1_70' title='bbox 915 1402 918 1407; x_wconf 78' lang='grc'><strong>’</strong></span> 
     </span>
    </p>

    <p class='ocr_par' dir='ltr' id='par_1_12' title="bbox 85 1479 899 1564">
     <span class='ocr_line' id='line_1_13' title="bbox 85 1479 899 1564; baseline 0.001 -23"><span class='ocrx_word' id='word_1_71' title='bbox 85 1479 219 1542; x_wconf 86' lang='lat' dir='ltr'><strong>Tibrcen</strong></span> <span class='ocrx_word' id='word_1_72' title='bbox 226 1503 236 1559; x_wconf 85' lang='lat'>3</span> <span class='ocrx_word' id='word_1_73' title='bbox 257 1481 413 1564; x_wconf 81' lang='lat' dir='ltr'><strong>gratulari</strong></span> <span class='ocrx_word' id='word_1_74' title='bbox 430 1479 574 1544; x_wconf 80' lang='lat' dir='ltr'><strong>fautores</strong></span> <span class='ocrx_word' id='word_1_75' title='bbox 594 1493 694 1563; x_wconf 87' lang='lat' dir='ltr'><strong>putat.</strong></span> <span class='ocrx_word' id='word_1_76' title='bbox 895 1485 899 1490; x_wconf 81' lang='grc'><strong><em>’</em></strong></span> 
     </span>
    </p>

    <p class='ocr_par' dir='ltr' id='par_1_13' title="bbox 84 1559 1082 1645">
     <span class='ocr_line' id='line_1_14' title="bbox 84 1559 1082 1645; baseline 0.004 -24"><span class='ocrx_word' id='word_1_77' title='bbox 84 1563 247 1645; x_wconf 84' lang='lat' dir='ltr'><strong>Equester</strong></span> <span class='ocrx_word' id='word_1_78' title='bbox 266 1561 347 1623; x_wconf 92' lang='lat' dir='ltr'><strong>ordo</strong></span> <span class='ocrx_word' id='word_1_79' title='bbox 367 1561 500 1623; x_wconf 91' lang='lat' dir='ltr'><strong>stultum</strong></span> <span class='ocrx_word' id='word_1_80' title='bbox 521 1581 666 1623; x_wconf 87' lang='lat' dir='ltr'><strong>errorem</strong></span> <span class='ocrx_word' id='word_1_81' title='bbox 685 1559 851 1644; x_wconf 79' lang='lat' dir='ltr'><strong>intelligit,</strong></span> <span class='ocrx_word' id='word_1_82' title='bbox 1040 1560 1082 1625; x_wconf 75' lang='lat' dir='ltr'><strong>do</strong></span> 
     </span>
    </p>

    <p class='ocr_par' dir='ltr' id='par_1_14' title="bbox 84 1638 833 1724">
     <span class='ocr_line' id='line_1_15' title="bbox 84 1638 833 1724; baseline -0.003 -22"><span class='ocrx_word' id='word_1_83' title='bbox 84 1643 264 1724; x_wconf 80' lang='lat' dir='ltr'><strong>Magnoque</strong></span> <span class='ocrx_word' id='word_1_84' title='bbox 285 1641 351 1701; x_wconf 90' lang='lat' dir='ltr'><strong>risu</strong></span> <span class='ocrx_word' id='word_1_85' title='bbox 372 1640 527 1701; x_wconf 87' lang='lat' dir='ltr'><strong>canticum</strong></span> <span class='ocrx_word' id='word_1_86' title='bbox 547 1641 653 1722; x_wconf 88' lang='lat' dir='ltr'><strong>repeti</strong></span> <span class='ocrx_word' id='word_1_87' title='bbox 671 1638 768 1700; x_wconf 88' lang='lat' dir='ltr'><strong>iubet.</strong></span> <span class='ocrx_word' id='word_1_88' title='bbox 831 1649 833 1654; x_wconf 83' lang='grc'>’</span> 
     </span>
    </p>

    <p class='ocr_par' dir='ltr' id='par_1_15' title="bbox 84 1719 836 1803">
     <span class='ocr_line' id='line_1_16' title="bbox 84 1719 836 1803; baseline 0.003 -23"><span class='ocrx_word' id='word_1_89' title='bbox 84 1724 223 1782; x_wconf 88' lang='lat' dir='ltr'><strong>Iteratur</strong></span> <span class='ocrx_word' id='word_1_90' title='bbox 243 1721 330 1781; x_wconf 89' lang='lat' dir='ltr'><strong>illud.</strong></span> <span class='ocrx_word' id='word_1_91' title='bbox 369 1722 475 1783; x_wconf 90' lang='lat' dir='ltr'><strong>Homo</strong></span> <span class='ocrx_word' id='word_1_92' title='bbox 496 1741 585 1780; x_wconf 92' lang='lat' dir='ltr'><strong>meus</strong></span> <span class='ocrx_word' id='word_1_93' title='bbox 607 1740 640 1781; x_wconf 87' lang='lat' dir='ltr'><strong>se</strong></span> <span class='ocrx_word' id='word_1_94' title='bbox 661 1721 693 1780; x_wconf 90' lang='lat' dir='ltr'><strong>in</strong></span> <span class='ocrx_word' id='word_1_95' title='bbox 711 1719 836 1803; x_wconf 88' lang='lat' dir='ltr'><strong>pulpito</strong></span> 
     </span>
    </p>

    <p class='ocr_par' dir='ltr' id='par_1_16' title="bbox 84 1799 852 1884">
     <span class='ocr_line' id='line_1_17' title="bbox 84 1799 852 1884; baseline -0.003 -22"><span class='ocrx_word' id='word_1_96' title='bbox 84 1806 204 1864; x_wconf 82' lang='lat' dir='ltr'><strong>&#39;I&#39;otum</strong></span> <span class='ocrx_word' id='word_1_97' title='bbox 225 1800 416 1884; x_wconf 84' lang='lat' dir='ltr'><strong>prosternit:</strong></span> <span class='ocrx_word' id='word_1_98' title='bbox 437 1799 559 1882; x_wconf 85' lang='lat' dir='ltr'><strong>plaudit</strong></span> <span class='ocrx_word' id='word_1_99' title='bbox 579 1799 714 1860; x_wconf 89' lang='lat' dir='ltr'><strong>illudens</strong></span> <span class='ocrx_word' id='word_1_100' title='bbox 737 1819 852 1883; x_wconf 86' lang='lat' dir='ltr'><strong>eques3</strong></span> 
     </span>
    </p>

    <p class='ocr_par' dir='ltr' id='par_1_17' title="bbox 84 1879 833 1965">
     <span class='ocr_line' id='line_1_18' title="bbox 84 1879 833 1965; baseline -0.005 -23"><span class='ocrx_word' id='word_1_101' title='bbox 84 1886 214 1965; x_wconf 84' lang='lat' dir='ltr'><strong>Rogare</strong></span> <span class='ocrx_word' id='word_1_102' title='bbox 233 1879 371 1963; x_wconf 85' lang='lat' dir='ltr'><strong>populus</strong></span> <span class='ocrx_word' id='word_1_103' title='bbox 391 1879 476 1960; x_wconf 77' lang='lat' dir='ltr'><strong>hune</strong></span> <span class='ocrx_word' id='word_1_104' title='bbox 498 1897 647 1942; x_wconf 86' lang='lat' dir='ltr'><strong>eoronam</strong></span> <span class='ocrx_word' id='word_1_105' title='bbox 668 1879 833 1942; x_wconf 81' lang='lat' dir='ltr'><strong>existimat.</strong></span> 
     </span>
    </p>

    <p class='ocr_par' dir='ltr' id='par_1_18' title="bbox 84 1958 1084 2044">
     <span class='ocr_line' id='line_1_19' title="bbox 84 1958 1084 2044; baseline -0.005 -22"><span class='ocrx_word' id='word_1_106' title='bbox 84 1965 128 2024; x_wconf 93' lang='lat' dir='ltr'><strong>Ut</strong></span> <span class='ocrx_word' id='word_1_107' title='bbox 150 1981 227 2024; x_wconf 87' lang='lat' dir='ltr'><strong>vero</strong></span> <span class='ocrx_word' id='word_1_108' title='bbox 250 1960 356 2022; x_wconf 89' lang='lat' dir='ltr'><strong>cuneis</strong></span> <span class='ocrx_word' id='word_1_109' title='bbox 376 1961 480 2020; x_wconf 89' lang='lat' dir='ltr'><strong>notuit</strong></span> <span class='ocrx_word' id='word_1_110' title='bbox 500 1981 559 2033; x_wconf 85' lang='lat' dir='ltr'><strong>res¹</strong></span> <span class='ocrx_word' id='word_1_111' title='bbox 574 1958 737 2037; x_wconf 83' lang='lat' dir='ltr'><strong>omnibus,</strong></span> <span class='ocrx_word' id='word_1_112' title='bbox 1043 1960 1084 2044; x_wconf 65' lang='grc'><strong>35</strong></span> 
     </span>
    </p>

    <p class='ocr_par' dir='ltr' id='par_1_19' title="bbox 54 2039 741 2126">
     <span class='ocr_line' id='line_1_20' title="bbox 54 2039 741 2126; baseline -0.006 -23"><span class='ocrx_word' id='word_1_113' title='bbox 54 2071 60 2090; x_wconf 83' lang='lat'><em>.</em></span> <span class='ocrx_word' id='word_1_114' title='bbox 84 2043 256 2126; x_wconf 83' lang='lat' dir='ltr'><strong>Princeps,</strong></span> <span class='ocrx_word' id='word_1_115' title='bbox 277 2041 374 2122; x_wconf 81' lang='lat' dir='ltr'><strong>ligato</strong></span> <span class='ocrx_word' id='word_1_116' title='bbox 396 2061 492 2102; x_wconf 88' lang='lat' dir='ltr'><strong>crure</strong></span> <span class='ocrx_word' id='word_1_117' title='bbox 512 2041 606 2104; x_wconf 82' lang='lat' dir='ltr'><strong>nivea</strong></span> <span class='ocrx_word' id='word_1_118' title='bbox 626 2039 741 2118; x_wconf 83' lang='lat' dir='ltr'><strong>fascia,</strong></span> 
     </span>
    </p>

    <p class='ocr_par' dir='ltr' id='par_1_20' title="bbox 83 2119 797 2205">
     <span class='ocr_line' id='line_1_21' title="bbox 83 2119 797 2205; baseline -0.003 -21"><span class='ocrx_word' id='word_1_119' title='bbox 83 2122 258 2205; x_wconf 86' lang='lat' dir='ltr'><strong>Niveisque</strong></span> <span class='ocrx_word' id='word_1_120' title='bbox 278 2122 410 2198; x_wconf 88' lang='lat' dir='ltr'><strong>tunicis,</strong></span> <span class='ocrx_word' id='word_1_121' title='bbox 429 2121 529 2183; x_wconf 84' lang='lat' dir='ltr'><strong>niveis</strong></span> <span class='ocrx_word' id='word_1_122' title='bbox 551 2122 644 2183; x_wconf 89' lang='lat' dir='ltr'><strong>etiam</strong></span> <span class='ocrx_word' id='word_1_123' title='bbox 665 2119 797 2201; x_wconf 84' lang='lat' dir='ltr'><strong>calceis,</strong></span> 
     </span>
    </p>

    <p class='ocr_par' dir='ltr' id='par_1_21' title="bbox 81 2201 830 2284">
     <span class='ocr_line' id='line_1_22' title="bbox 81 2201 830 2284; baseline -0.005 -20"><span class='ocrx_word' id='word_1_124' title='bbox 81 2202 281 2284; x_wconf 84' lang='lat' dir='ltr'><strong>Superbiens</strong></span> <span class='ocrx_word' id='word_1_125' title='bbox 300 2201 423 2265; x_wconf 88' lang='lat' dir='ltr'><strong>honore</strong></span> <span class='ocrx_word' id='word_1_126' title='bbox 445 2201 569 2264; x_wconf 87' lang='lat' dir='ltr'><strong>divinae</strong></span> <span class='ocrx_word' id='word_1_127' title='bbox 591 2204 721 2278; x_wconf 86' lang='lat' dir='ltr'><strong>domus,</strong></span> <span class='ocrx_word' id='word_1_128' title='bbox 823 2262 830 2268; x_wconf 75' lang='grc'><strong>,</strong></span> 
     </span>
    </p>

    <p class='ocr_par' dir='ltr' id='par_1_22' title="bbox 84 2281 813 2367">
     <span class='ocr_line' id='line_1_23' title="bbox 84 2281 813 2367; baseline -0.003 -22"><span class='ocrx_word' id='word_1_129' title='bbox 84 2283 137 2345; x_wconf 77' lang='lat' dir='ltr'><strong>Ab</strong></span> <span class='ocrx_word' id='word_1_130' title='bbox 158 2282 311 2346; x_wconf 85' lang='lat' dir='ltr'><strong>universis</strong></span> <span class='ocrx_word' id='word_1_131' title='bbox 334 2283 436 2364; x_wconf 89' lang='lat' dir='ltr'><strong>capite</strong></span> <span class='ocrx_word' id='word_1_132' title='bbox 459 2295 508 2344; x_wconf 89' lang='lat' dir='ltr'><strong>est</strong></span> <span class='ocrx_word' id='word_1_133' title='bbox 526 2294 696 2367; x_wconf 87' lang='lat' dir='ltr'><strong>protrusus</strong></span> <span class='ocrx_word' id='word_1_134' title='bbox 716 2281 813 2345; x_wconf 82' lang='lat' dir='ltr'><strong>foras.</strong></span> 
     </span>
    </p>
   </div>
   <div class='ocr_carea' id='block_1_3' title="bbox 84 2517 1112 3261">
    <p class='ocr_par' dir='ltr' id='par_1_23' title="bbox 84 2517 1112 3261">
     <span class='ocr_line' id='line_1_24' title="bbox 85 2517 1084 2590; baseline 0 -18"><span class='ocrx_word' id='word_1_135' title='bbox 85 2524 142 2572; x_wconf 87' lang='lat' dir='ltr'><strong>sic:</strong></span> <span class='ocrx_word' id='word_1_136' title='bbox 160 2518 199 2569; x_wconf 86' lang='lat' dir='ltr'><strong>Et</strong></span> <span class='ocrx_word' id='word_1_137' title='bbox 217 2517 364 2588; x_wconf 81' lang='lat' dir='ltr'><strong>incipiebat</strong></span> <span class='ocrx_word' id='word_1_138' title='bbox 381 2519 513 2590; x_wconf 81' lang='lat' dir='ltr'><strong>Princeps</strong></span> <span class='ocrx_word' id='word_1_139' title='bbox 530 2517 633 2572; x_wconf 78' lang='lat' dir='ltr'><strong>abduci</strong></span> <span class='ocrx_word' id='word_1_140' title='bbox 650 2539 724 2572; x_wconf 83' lang='lat' dir='ltr'><strong>reum</strong></span> <span class='ocrx_word' id='word_1_141' title='bbox 739 2519 866 2585; x_wconf 75' lang='lat' dir='ltr'><strong>ingredi,</strong></span> <span class='ocrx_word' id='word_1_142' title='bbox 891 2524 916 2572; x_wconf 81' lang='lat' dir='ltr'><em>A</em></span> <span class='ocrx_word' id='word_1_143' title='bbox 932 2539 959 2572; x_wconf 83' lang='lat' dir='ltr'><strong>se</strong></span> <span class='ocrx_word' id='word_1_144' title='bbox 976 2519 1084 2573; x_wconf 78' lang='lat' dir='ltr'><strong>reducit</strong></span> 
     </span>
     <span class='ocr_line' id='line_1_25' title="bbox 85 2585 1083 2661; baseline 0 -21"><span class='ocrx_word' id='word_1_145' title='bbox 85 2589 179 2661; x_wconf 81' lang='lat' dir='ltr'><strong>pretio</strong></span> <span class='ocrx_word' id='word_1_146' title='bbox 199 2587 341 2656; x_wconf 81' lang='lat' dir='ltr'><strong>precibus,</strong></span> <span class='ocrx_word' id='word_1_147' title='bbox 361 2601 392 2640; x_wconf 86' lang='lat' dir='ltr'><strong>ut</strong></span> <span class='ocrx_word' id='word_1_148' title='bbox 409 2587 603 2650; x_wconf 77' lang='lat' dir='ltr'><strong>tantummodo,</strong></span> <span class='ocrx_word' id='word_1_149' title='bbox 614 2585 714 2656; x_wconf 76' lang='lat' dir='ltr'><strong>Rigalt.</strong></span> <span class='ocrx_word' id='word_1_150' title='bbox 725 2590 772 2639; x_wconf 88' lang='lat'><em>111.</em></span> <span class='ocrx_word' id='word_1_151' title='bbox 790 2589 829 2652; x_wconf 82' lang='lat' dir='ltr'><strong>Et</strong></span> <span class='ocrx_word' id='word_1_152' title='bbox 847 2588 1083 2658; x_wconf 70' lang='lat' dir='ltr'><strong>inczpiebatPriu·</strong></span> 
     </span>
     <span class='ocr_line' id='line_1_26' title="bbox 87 2654 1083 2727; baseline 0.001 -18"><span class='ocrx_word' id='word_1_153' title='bbox 87 2675 150 2727; x_wconf 83' lang='lat' dir='ltr'><strong>ceps</strong></span> <span class='ocrx_word' id='word_1_154' title='bbox 168 2654 325 2722; x_wconf 72' lang='lat' dir='ltr'><strong>1&#39;ngredier5</strong></span> <span class='ocrx_word' id='word_1_155' title='bbox 343 2673 401 2708; x_wconf 85' lang='lat' dir='ltr'><strong>eum</strong></span> <span class='ocrx_word' id='word_1_156' title='bbox 419 2655 541 2708; x_wconf 82' lang='lat' dir='ltr'><strong>Adducr&#39;t</strong></span> <span class='ocrx_word' id='word_1_157' title='bbox 577 2657 660 2718; x_wconf 84' lang='lat' dir='ltr'><strong>retio,</strong></span> <span class='ocrx_word' id='word_1_158' title='bbox 677 2657 818 2727; x_wconf 85' lang='lat' dir='ltr'><strong>precibus,</strong></span> <span class='ocrx_word' id='word_1_159' title='bbox 838 2669 869 2708; x_wconf 84' lang='lat' dir='ltr'><strong>ut</strong></span> <span class='ocrx_word' id='word_1_160' title='bbox 887 2658 1083 2710; x_wconf 74' lang='lat' dir='ltr'><strong>turrtummodo.</strong></span> 
     </span>
     <span class='ocr_line' id='line_1_27' title="bbox 86 2675 1083 2795; baseline 0.003 -20"><span class='ocrx_word' id='word_1_161' title='bbox 86 2755 122 2766; x_wconf 90' lang='lat'>-</span> <span class='ocrx_word' id='word_1_162' title='bbox 140 2742 167 2775; x_wconf 83' lang='lat' dir='ltr'><strong>v.</strong></span> <span class='ocrx_word' id='word_1_163' title='bbox 189 2725 231 2774; x_wconf 80' lang='lat'><strong>25.</strong></span> <span class='ocrx_word' id='word_1_164' title='bbox 248 2721 336 2774; x_wconf 88' lang='lat' dir='ltr'><strong>Codd.</strong></span> <span class='ocrx_word' id='word_1_165' title='bbox 356 2735 381 2776; x_wconf 89' lang='lat' dir='ltr'><strong>et</strong></span> <span class='ocrx_word' id='word_1_166' title='bbox 400 2729 502 2795; x_wconf 83' lang='lat' dir='ltr'><strong>primae</strong></span> <span class='ocrx_word' id='word_1_167' title='bbox 521 2675 589 2780; x_wconf 62' lang='lat' dir='ltr'><strong>Ed.</strong></span> <span class='ocrx_word' id='word_1_168' title='bbox 608 2727 754 2780; x_wconf 87' lang='lat' dir='ltr'><strong>mendose:</strong></span> <span class='ocrx_word' id='word_1_169' title='bbox 782 2727 860 2778; x_wconf 83' lang='lat' dir='ltr'><strong>Tunc</strong></span> <span class='ocrx_word' id='word_1_170' title='bbox 886 2724 988 2776; x_wconf 79' lang='lat' dir='ltr'><strong>chorus</strong></span> <span class='ocrx_word' id='word_1_171' title='bbox 1003 2729 1083 2794; x_wconf 74' lang='lat' dir='ltr'><strong>igno·</strong></span> 
     </span>
     <span class='ocr_line' id='line_1_28' title="bbox 87 2790 1084 2862; baseline 0.005 -18"><span class='ocrx_word' id='word_1_172' title='bbox 87 2807 149 2846; x_wconf 86' lang='lat' dir='ltr'><strong>tum</strong></span> <span class='ocrx_word' id='word_1_173' title='bbox 165 2809 238 2844; x_wconf 84' lang='lat' dir='ltr'><strong>more</strong></span> <span class='ocrx_word' id='word_1_174' title='bbox 256 2790 500 2844; x_wconf 80' lang='lat' dir='ltr'><strong>ducto&#39;Cunticum.</strong></span> <span class='ocrx_word' id='word_1_175' title='bbox 519 2794 571 2844; x_wconf 88' lang='lat' dir='ltr'><strong>Alii</strong></span> <span class='ocrx_word' id='word_1_176' title='bbox 590 2796 667 2845; x_wconf 83' lang='lat' dir='ltr'><strong>aliter</strong></span> <span class='ocrx_word' id='word_1_177' title='bbox 687 2795 830 2846; x_wconf 86' lang='lat' dir='ltr'><strong>emendare</strong></span> <span class='ocrx_word' id='word_1_178' title='bbox 849 2793 973 2860; x_wconf 82' lang='lat' dir='ltr'><strong>student,</strong></span> <span class='ocrx_word' id='word_1_179' title='bbox 991 2795 1084 2862; x_wconf 74' lang='lat' dir='ltr'><strong>ilarius</strong></span> 
     </span>
     <span class='ocr_line' id='line_1_29' title="bbox 86 2859 1112 2930; baseline -0.002 -16"><span class='ocrx_word' id='word_1_180' title='bbox 86 2865 143 2914; x_wconf 87' lang='lat' dir='ltr'><strong>sic:</strong></span> <span class='ocrx_word' id='word_1_181' title='bbox 171 2862 250 2911; x_wconf 84' lang='lat' dir='ltr'><strong>Tunc</strong></span> <span class='ocrx_word' id='word_1_182' title='bbox 275 2859 393 2923; x_wconf 49' lang='lat' dir='ltr'><strong>eliorum·</strong></span> <span class='ocrx_word' id='word_1_183' title='bbox 414 2865 539 2930; x_wconf 80' lang='lat' dir='ltr'><strong>r&#39;gnotum</strong></span> <span class='ocrx_word' id='word_1_184' title='bbox 556 2859 635 2912; x_wconf 88' lang='lat' dir='ltr'><strong>modo</strong></span> <span class='ocrx_word' id='word_1_185' title='bbox 653 2862 766 2915; x_wconf 84' lang='lat' dir='ltr'><strong>reducto</strong></span> <span class='ocrx_word' id='word_1_186' title='bbox 785 2864 928 2914; x_wconf 77' lang='lat' dir='ltr'><strong>canticum.</strong></span> <span class='ocrx_word' id='word_1_187' title='bbox 947 2861 1084 2914; x_wconf 86' lang='lat' dir='ltr'><strong>Deshillo·</strong></span> <span class='ocrx_word' id='word_1_188' title='bbox 1110 2892 1112 2898; x_wconf 66' lang='lat'><strong>,</strong></span> 
     </span>
     <span class='ocr_line' id='line_1_30' title="bbox 85 2928 1084 3049; baseline 0 -67"><span class='ocrx_word' id='word_1_189' title='bbox 85 2933 147 2982; x_wconf 87' lang='lat' dir='ltr'><strong>nius</strong></span> <span class='ocrx_word' id='word_1_190' title='bbox 165 2928 268 2979; x_wconf 82' lang='lat' dir='ltr'><strong>addidit</strong></span> <span class='ocrx_word' id='word_1_191' title='bbox 287 2939 313 2978; x_wconf 86' lang='lat' dir='ltr'><strong>et</strong></span> <span class='ocrx_word' id='word_1_192' title='bbox 330 2938 391 3049; x_wconf 71' lang='lat' dir='ltr'><strong>post</strong></span> <span class='ocrx_word' id='word_1_193' title='bbox 409 2933 542 2998; x_wconf 79' lang='lat' dir='ltr'><strong>ignotum,</strong></span> <span class='ocrx_word' id='word_1_194' title='bbox 559 2931 718 2983; x_wconf 82' lang='lat' dir='ltr'><strong>vocabulum</strong></span> <span class='ocrx_word' id='word_1_195' title='bbox 736 2931 889 2984; x_wconf 79' lang='lat' dir='ltr'><strong>eboricum</strong></span> <span class='ocrx_word' id='word_1_196' title='bbox 902 2932 1084 2999; x_wconf 88' lang='lat' dir='ltr'><strong>sequentibus,</strong></span> 
     </span>
     <span class='ocr_line' id='line_1_31' title="bbox 86 2996 1083 3067; baseline 0.002 -17"><span class='ocrx_word' id='word_1_197' title='bbox 86 3015 144 3050; x_wconf 86' lang='lat' dir='ltr'><strong>uon</strong></span> <span class='ocrx_word' id='word_1_198' title='bbox 163 2996 331 3048; x_wconf 85' lang='lat' dir='ltr'><strong>antecedenti</strong></span> <span class='ocrx_word' id='word_1_199' title='bbox 353 3015 383 3049; x_wconf 90' lang='lat' dir='ltr'><strong>us</strong></span> <span class='ocrx_word' id='word_1_200' title='bbox 401 3002 574 3067; x_wconf 82' lang='lat' dir='ltr'><strong>coniungens.</strong></span> <span class='ocrx_word' id='word_1_201' title='bbox 591 3026 626 3038; x_wconf 93' lang='lat'><strong>·-</strong></span> <span class='ocrx_word' id='word_1_202' title='bbox 642 3016 672 3051; x_wconf 86' lang='lat' dir='ltr'><strong>v.</strong></span> <span class='ocrx_word' id='word_1_203' title='bbox 691 3001 732 3052; x_wconf 78' lang='lat'><strong>28.</strong></span> <span class='ocrx_word' id='word_1_204' title='bbox 751 3000 917 3050; x_wconf 83' lang='lat' dir='ltr'><strong>Burmannus</strong></span> <span class='ocrx_word' id='word_1_205' title='bbox 935 3015 966 3050; x_wconf 83' lang='lat' dir='ltr'><strong>ex</strong></span> <span class='ocrx_word' id='word_1_206' title='bbox 975 3000 1083 3052; x_wconf 74' lang='lat' dir='ltr'><strong>coniec-</strong></span> 
     </span>
     <span class='ocr_line' id='line_1_32' title="bbox 84 3062 1084 3138; baseline 0.001 -20"><span class='ocrx_word' id='word_1_207' title='bbox 84 3065 150 3118; x_wconf 81' lang='lat' dir='ltr'><strong>t&#39;urs</strong></span> <span class='ocrx_word' id='word_1_208' title='bbox 165 3065 265 3116; x_wconf 87' lang='lat' dir='ltr'><strong>Heinsii</strong></span> <span class='ocrx_word' id='word_1_209' title='bbox 292 3073 386 3118; x_wconf 88' lang='lat' dir='ltr'><strong>eontra</strong></span> <span class='ocrx_word' id='word_1_210' title='bbox 404 3062 491 3118; x_wconf 87' lang='lat' dir='ltr'><strong>Codd.</strong></span> <span class='ocrx_word' id='word_1_211' title='bbox 509 3069 627 3118; x_wconf 82' lang='lat' dir='ltr'><strong>Iuctant.</strong></span> <span class='ocrx_word' id='word_1_212' title='bbox 656 3095 688 3108; x_wconf 92' lang='lat'><em>-</em></span> <span class='ocrx_word' id='word_1_213' title='bbox 714 3085 742 3120; x_wconf 86' lang='lat' dir='ltr'><strong>v.</strong></span> <span class='ocrx_word' id='word_1_214' title='bbox 767 3069 808 3120; x_wconf 84' lang='lat'><strong>38.</strong></span> <span class='ocrx_word' id='word_1_215' title='bbox 835 3069 957 3118; x_wconf 81' lang='lat' dir='ltr'><strong>Correxit</strong></span> <span class='ocrx_word' id='word_1_216' title='bbox 982 3068 1084 3138; x_wconf 87' lang='lat' dir='ltr'><strong>primus</strong></span> 
     </span>
     <span class='ocr_line' id='line_1_33' title="bbox 85 3132 1084 3207; baseline 0.003 -22"><span class='ocrx_word' id='word_1_217' title='bbox 85 3135 241 3198; x_wconf 84' lang='lat' dir='ltr'><strong>Gruterus,</strong></span> <span class='ocrx_word' id='word_1_218' title='bbox 265 3144 376 3187; x_wconf 79' lang='lat' dir='ltr'><strong>auctore</strong></span> <span class='ocrx_word' id='word_1_219' title='bbox 393 3138 539 3204; x_wconf 75' lang='lat' dir='ltr'><strong>Nevelet05</strong></span> <span class='ocrx_word' id='word_1_220' title='bbox 560 3137 588 3186; x_wconf 88' lang='lat' dir='ltr'><strong>in</strong></span> <span class='ocrx_word' id='word_1_221' title='bbox 607 3133 697 3190; x_wconf 79' lang='lat' dir='ltr'><strong>codd.</strong></span> <span class='ocrx_word' id='word_1_222' title='bbox 716 3133 878 3207; x_wconf 77' lang='lat' dir='ltr'><strong>Superbiens</strong></span> <span class='ocrx_word' id='word_1_223' title='bbox 898 3132 1027 3188; x_wconf 83' lang='lat' dir='ltr'><strong>bonorem</strong></span> <span class='ocrx_word' id='word_1_224' title='bbox 1044 3135 1084 3190; x_wconf 78' lang='lat' dir='ltr'><strong>vi·</strong></span> 
     </span>
     <span class='ocr_line' id='line_1_34' title="bbox 88 3201 381 3261; baseline 0.014 -8"><span class='ocrx_word' id='word_1_225' title='bbox 88 3201 132 3254; x_wconf 79' lang='lat' dir='ltr'><strong>dit</strong></span> <span class='ocrx_word' id='word_1_226' title='bbox 149 3203 258 3254; x_wconf 85' lang='lat' dir='ltr'><strong>divinae</strong></span> <span class='ocrx_word' id='word_1_227' title='bbox 276 3201 381 3261; x_wconf 80' lang='lat' dir='ltr'><strong>domus.</strong></span> 
     </span>
    </p>
   </div>
   <div class='ocr_carea' id='block_1_4' title="bbox 482 3387 682 3414">
    <p class='ocr_par' dir='ltr' id='par_1_24' title="bbox 482 3387 682 3414">
     <span class='ocr_line' id='line_1_35' title="bbox 482 3387 682 3414; baseline -0.01 -2"><span class='ocrx_word' id='word_1_228' title='bbox 482 3387 682 3414; x_wconf 53' lang='lat' dir='ltr'><strong>m·</strong></span> 
     </span>
    </p>
   </div>
   <div class='ocr_carea' id='block_1_5' title="bbox 0 0 1310 4002">
    <p class='ocr_par' dir='ltr' id='par_1_25' title="bbox 0 0 1310 4002">
     <span class='ocr_line' id='line_1_36' title="bbox 0 0 1310 4002; baseline 0 1"><span class='ocrx_word' id='word_1_229' title='bbox 0 0 1310 4002; x_wconf 95' lang='lat' dir='ltr'><strong> </strong></span> 
     </span>
    </p>
   </div>
  </div>
 </body>
</html>
