2610 4002
175 475 181 492 ⁴
221 476 262 557 76
289 521 293 529 -
368 495 376 507 ¹
533 487 681 542 nunnoni
701 475 905 535 sinteinan-

221 633 374 722 Maiorem
393 632 518 694 nubam
540 632 724 716 punitorum
743 636 782 692 re'
804 629 895 692 eries.

221 714 334 780 Paucis
354 713 515 782 temeritas
538 725 592 775 est
608 712 710 789 bono,
729 734 761 773 m
797 710 836 770 tis
859 708 951 770 melo.
971 746 975 756 ·

616 876 818 893 -—--

650 1025 725 1068 ese.
748 1005 789 1069 V.
994 1073 998 1081 .

524 1135 657 1189 soccus
674 1137 720 1187 cr
735 1129 912 1185 nosmccs.
930 1099 935 1106 ’

220 1263 328 1324 Pravo
349 1261 462 1325 favore
480 1258 545 1322 labi
567 1255 717 1319 mortales
737 1252 857 1330 solent,

221 1344 284 1420 Et,
302 1364 362 1425 pro
384 1341 501 1403 iudicio
522 1339 597 1402 dum
617 1347 699 1396 stent
721 1333 841 1394 erroris
863 1331 928 1407 sui,

223 1421 275 1484 Ad
294 1422 520 1503 poenitendum
540 1416 636 1479 rebus
656 1411 905 1504 manifestis‘ngi.

261 1502 416 1564 Facturus
436 1499 528 1562 ludos
550 1498 640 1559 dives
660 1491 787 1579 quidam
805 1493 945 1567 nobiles,

221 1579 395 1663 Proposito
417 1593 547 1644 cunctos
567 1575 709 1639 inmtavit
721 1573 879 1655 praemio,

190 1722 195 1726 .
222 1659 327 1802 guam
347 1663 416 1748 quis
443 1683 482 1722 ue
501 1671 627 1744 posset,
649 1665 684 1718 ut
704 1655 876 1715 novitatem
896 1649 1091 1713 ostenderet.

254 1761 351 1804 enere
372 1756 433 1805 arti
456 1763 508 1804 ces
529 1739 630 1802 laudis
652 1735 692 1796 ad
716 1733 903 1796 certamina:

221 1820 314 1965 gnos
334 1823 416 1884 inter
438 1843 564 1898 scurra,
584 1831 678 1879 notus
699 1813 818 1875 urbano
841 1811 922 1890 sele,
984 1868 989 1890 Ι,

173 1977 176 1984 ¹
200 1937 208 1960 ι
256 1905 352 1966 abere
373 1904 450 1964 dixit
473 1922 507 1964 se
528 1918 626 1985 genus
646 1893 837 1979 spectaculi,

198 1979 321 2126 ‘guod
341 1984 373 2043 in
392 1984 516 2045 theatro
535 1999 694 2062 nunquam
714 1975 871 2056 prolatum
892 1968 987 2033 foret.
1102 1982 1107 1987 “
1185 1987 1220 2028 ιο

162 2083 188 2126 ¹.
256 2066 281 2125 is
305 2085 394 2124 ersus
415 2082 525 2123 rumor
546 2059 704 2122 civitatem
725 2053 876 2115 concitat:
951 2071 954 2080 ¹

222 2085 336 2205 Paullo
360 2154 431 2203 ante
450 2161 550 2204 vacua
569 2137 695 2198 turbam
717 2130 865 2209 deficiunt
886 2131 966 2192 loca.

223 2226 258 2285 ln
279 2241 372 2283 scena
395 2242 473 2282 vero
494 2229 662 2312 postquam
683 2215 769 2276 solus
793 2211 949 2290 constitit,

163 2352 168 2358 .
224 2303 299 2364 Sine
320 2311 491 2383 apparatu,
509 2299 601 2359 nullis
622 2293 837 2371 adiutoribus,

223 2380 389 2445 Silentium
408 2382 476 2464 ipsa
498 2378 577 2440 fecit
595 2373 798 2456 exspectatio.

222 2465 281 2525 llle
300 2463 333 2524 in
354 2462 456 2523 einum
475 2470 609 2543 repente
635 2453 759 2516 demisit
779 2463 890 2534 caput,
952 2472 955 2477 ·

168 2557 173 2562 “
223 2546 268 2606 Et
286 2541 330 2603 sic
347 2541 482 2624 porcelli
502 2559 616 2602 vocem
637 2548 684 2596 est
710 2534 846 2594 imitatus
869 2551 941 2609 sua,

223 2624 347 2684 Verum
366 2634 402 2683 ut
422 2621 551 2682 subesse
572 2617 667 2700 pallio
693 2612 939 2688 contenderent,

223 2704 268 2766 Et
286 2703 393 2764 excuti
412 2703 568 2762 iuberent.
609 2697 683 2786 Quo
704 2694 809 2769 facto,
832 2691 924 2752 simul

222 2783 308 2844 Nihil
328 2795 378 2844 est
400 2793 583 2863 repertum,
604 2774 709 2838 multis
733 2783 865 2836 onerant
885 2769 1047 2848 laudibus,
1180 2789 1218 2832 uo

223 2863 458 2945 Hominemque
474 2861 587 2956 plausu
610 2875 705 2940 prose
729 2865 845 2914 uuntur
865 2850 1009 2910 maximo.

137 2961 138 2970 ¹
224 2947 296 3008 Hoc
318 2940 396 3006 vidit
416 2939 487 3003 fieri
502 2939 650 3028 rusticus.
721 2956 762 2997 on
784 2930 982 3002 mehercule¹

232 3108 423 3126 u*-

259 3193 324 3245 rot.
341 3194 380 3258 V,
399 3211 428 3248 v.
448 3191 536 3244 1—3.
555 3192 583 3242 in
601 3187 669 3241 Cnd.
687 3187 788 3239 Percu.
807 3185 911 3236 desunt.
929 3213 963 3224 -
978 3199 1009 3234 vr
1024 3181 1049 3246 4.
1067 3183 1221 3234 Schellerns

224 3264 326 3333 primus
344 3260 419 3312 dedit
436 3259 559 3321 nobilem
576 3259 602 3310 in
622 3256 708 3309 Codd.
726 3252 795 3306 Pith.
812 3262 838 3304 et
854 3255 926 3306 ilem.
942 3261 982 3304 est
1000 3251 1098 3300 nobilis
1111 3252 1164 3302 alin
1175 3268 1220 3302 nc·

225 3331 333 3382 cusativl
350 3329 445 3380 fornic.
466 3327 534 3378 Cod.
551 3328 652 3380 Perott.
672 3323 743 3376 dives
763 3320 874 3392 quidum
886 3333 919 3374 ‚et
940 3319 1050 3370 nobilis.
1069 3349 1103 3359 -
1127 3337 1156 3368 v.
1181 3336 1220 3370 ιι.

129 3399 131 3412 “
226 3397 295 3450 Cod.
313 3399 415 3449 Perelt.
434 3396 569 3447 civitatem
588 3403 730 3446 convocat.
747 3417 781 3430 -
798 3407 826 3440 v.
848 3405 887 3456 ¹7·
904 3389 1050 3458 porcellum
1070 3403 1133 3437 voce
1148 3387 1219 3436 Cod.

223 3468 327 3519 'Perott
344 3490 380 3520 ,-
394 3479 424 3514 v.
442 3475 484 3514 ιο.
502 3475 620 3514 onerant
637 3459 763 3513 leudibus
783 3457 852 3508 Cod.
870 3458 971 3508 Perott.
991 3463 1017 3507 ct
1036 3472 1128 3506 omnes
1147 3455 1218 3505 Edd.

225 3537 248 3587 F
484 3541 599 3580 onerant
616 3528 756 3588 loncibns,
774 3541 852 3592 qnam
868 3525 1013 3576 lectionem
1023 3539 1112 3575 veram
1123 3531 1220 3593 pulsnt

476 3599 520 3650 ιιι.
542 3597 595 3651 snt
611 3597 654 3650 Cf.
672 3595 816 3650 Burmann.
