2678 3978
226 430 260 469 ιο
502 482 506 488 ¹
535 423 684 466 arrasum
707 425 907 468 aasumensi

218 566 367 648 Insignis,
389 566 506 648 inquit,
532 567 578 628 sie
599 580 653 642 ut,
674 567 732 628 nisi
752 569 884 628 nossem
901 574 991 622 tuum

218 649 365 707 Animum
388 666 568 731 genusque,
590 648 683 708 simili
707 648 862 730 fugissem
885 654 984 705 metu.
1037 668 1041 674 ¹

637 905 712 946 aaa.
734 886 800 944 Xll.

529 1019 661 1072 CERVUS
679 1021 725 1071 ΑΙ)
742 1019 900 1070 FONTEM.

216 1142 366 1202 Laudatis
385 1144 533 1216 utiliora,
558 1163 639 1225 quae
662 1139 909 1223 contempseris,

217 1223 320 1302 Saepe
343 1223 496 1300 inveniri,
517 1222 596 1282 haec
618 1223 736 1282 exserit
760 1221 909 1281 narratio.
960 1268 963 1278 .
1022 1295 1028 1307 ι

257 1302 309 1361 Ad
332 1303 458 1362 fontem
476 1323 607 1377 certum,
634 1325 733 1384 quum
752 1303 901 1373 bibisset,
927 1297 1060 1371 restitit,

216 1381 260 1439 Et
282 1382 313 1440 in
338 1383 465 1464 liquore
490 1382 570 1442 vidit
596 1381 737 1463 effigiem
762 1403 859 1441 suam.

215 1459 264 1518 lbi
288 1461 363 1520 dum
388 1484 510 1522 ramosa
534 1462 649 1521 mirans
673 1461 781 1521 laudat
806 1479 939 1532 cornua,

216 1539 420 1623 Crurumque
441 1542 566 1601 nimiam
591 1541 778 1601 tenuitatem
798 1541 960 1620 vituperat
967 1557 976 1612 3

215 1619 394 1680 Venantum
419 1623 525 1696 subito
550 1621 690 1688 vocibus¹
706 1621 916 1693 conterritus,

214 1699 281 1758 Per
305 1720 450 1782 campum
475 1701 738 1785 lugerecoepit,
764 1713 797 1760 et
819 1720 914 1759 cursu
935 1696 999 1757 leri

216 1779 317 1840 Canes
342 1781 446 1840 elusit.
488 1782 573 1843 Silva
596 1793 665 1840 tum
689 1781 816 1862 excepit
840 1779 965 1855 ferum,

214 1859 249 1916 ln
273 1881 336 1941 qua
360 1861 493 1920 retentis
519 1861 689 1942 impeditus
715 1861 883 1932 cornibus,

214 1939 367 1998 Lacerari
389 1941 504 2020 coepit
518 1940 677 2000 morsibus
704 1941 805 2001 saevis
833 1959 953 2000 canum.

215 2019 306 2076 'I'unc
331 2019 471 2078 moriens
495 2039 610 2080 vocem
633 2019 713 2080 hanc
739 2020 876 2080 edidisse
902 2017 1035 2077 dicitur:

214 2095 245 2155 Ο
271 2117 322 2156 me
347 2096 523 2158 infelicem!
549 2099 604 2180 qui
627 2119 710 2162 nunc
736 2099 863 2160 demum
887 2097 1047 2178 intellige,

213 2175 308 2234 Utilia
333 2176 408 2234 mihi
434 2199 529 2259 quam
553 2178 690 2254 fuerint,
716 2199 797 2261 quae
820 2179 1045 2258 despexeram,

212 2251 272 2331 Et,
298 2276 380 2338 quae
402 2257 580 2334 laudaram,
606 2271 758 2341 quantum
781 2259 885 2318 luctus
905 2256 1087 2344 habuerint.
1180 2259 1220 2322 15

619 2397 807 2410 ..ι--ι-Ι·

623 2517 696 2555 nnn.
719 2497 799 2554 Xlll.

536 2631 657 2680 VULPIS
678 2632 723 2680 ET
744 2631 889 2710 convus.

172 2823 178 2832 ,
210 2742 275 2826 Qui
299 2762 333 2802 se
355 2743 478 2804 laudari
499 2744 617 2824 gaudet
631 2743 747 2806 'verbis
772 2742 934 2820 subdolis,

207 2893 382 2906 ...ι-*-

206 2968 235 3014 in
255 2971 448 3018 commentario
462 2969 518 3018 MS.
538 2969 631 3034 „Hanc
649 2971 829 3020 revocavimus
847 2968 993 3017 lectionem
1013 2966 1146 3017 Codicum
1167 2969 1214 3016 Pi·

207 3033 314 3082 thoeani
335 3045 360 3085 et
378 3037 528 3102 Remensis,
553 3053 621 3102 quae
648 3055 707 3088 curn
730 3038 877 3087 dictionem
898 3038 1064 3099 elegantem,
1093 3052 1215 3085 versum-

207 3117 259 3166 que
277 3103 339 3150 satis
357 3105 519 3153 concinnum
537 3104 676 3167 exhibeat,
699 3105 833 3154 immutari
853 3119 908 3152 non
927 3103 1052 3152 debuit.“
1072 3131 1105 3142 -
1124 3121 1150 3152 v.
1172 3105 1214 3154 15.

197 3166 337 3236 fugissem
356 3170 423 3219 eod.
442 3171 543 3222 Daniel.
565 3171 612 3221 sed
631 3172 719 3222 Codd.
738 3171 806 3220 Pith.
828 3180 853 3221 ct
872 3171 944 3219 Rem.
957 3169 1079 3237 fuissem
1091 3181 1116 3218 et
1129 3181 1214 3220 tncttt.

258 3235 326 3286 Fut.
343 3237 405 3298 ΧΠ,
424 3255 452 3286 v.
475 3256 483 3288 ι
505 3250 530 3289 ct
549 3257 574 3289 2.
593 3239 661 3290 Cod.
683 3240 786 3290 Daniel.
807 3239 891 3306 Saepe
908 3256 964 3286 cssc
982 3239 1113 3298 utiliora,
1136 3257 1210 3308 (μιιιε

206 3305 411 3371 cointempseris,
436 3307 537 3356 Et'usce
553 3309 595 3356 rei
612 3311 689 3356 testis
706 3310 771 3358 bueo
788 3306 918 3356 tutrruu'o
934 3316 982 3354 cst.
1000 3328 1034 3342 *-
1059 3307 1149 3370 wilp-
1170 3308 1213 3356 Ita

206 3371 274 3419 Cod.
293 3372 359 3420 Dan.
379 3372 447 3420 Nam
466 3374 552 3424 Codd.
571 3375 639 3424 Pith.
662 3385 687 3426 ct
707 3377 779 3426 [lem.
798 3387 826 3423 nt
846 3374 892 3422 itta
913 3373 1074 3442 nzibiqtmm
1094 3392 1145 3441 pro
1163 3393 1213 3422 ne·

205 3439 270 3486 rint.
291 3437 356 3486 Inde
375 3441 473 3488 multae
493 3442 560 3490 Edd.
581 3453 611 3490 ut
627 3443 675 3490 illa
690 3444 756 3492 milti
767 3440 944 3510 prtfitert'nt,
964 3458 1033 3510 (sitite
1047 3439 1122 3510 ‹les-p.

254 3504 321 3556 r'at.
339 3506 410 3569 Xlll,
430 3523 456 3555 v.
473 3524 492 3556 ι.
504 3517 530 3558 et
547 3526 571 3558 e.
590 3510 629 3558 lta
642 3509 727 3559 Codd.
739 3509 808 3560 Pith.
829 3517 854 3558 et
865 3509 937 3558 Rem.
952 3508 1005 3558 Sed
1021 3507 1090 3558 Cod.
1105 3509 1212 3560 Daniel.

937 3637 952 3662 0
