2610 4002
391 477 571 521 morotius.
594 479 669 522 ΕΑΒ.
695 482 791 523 1—2.

527 695 602 737 ιη.
624 678 660 737 Π.

336 827 339 832 ’
387 817 396 824 “
437 811 460 859 Α
493 813 518 862 U
553 811 575 867 C
609 815 632 862 'l'
668 813 692 862 0
727 811 756 862 R.
953 885 955 895 .

320 931 464 992 Necesse
484 934 548 1012 plus
568 954 658 1016 aequo
681 934 869 994 tribuendum.
947 933 953 1014 J

90 1065 241 1128 Arbitrio
261 1065 288 1127 si
307 1079 418 1127 natura
445 1065 577 1130 fecisset
598 1089 670 1131 meo

92 1146 204 1207 Genus
226 1146 377 1222 mortale,
397 1147 493 1231 longe
513 1147 602 1211 foret
621 1146 810 1211 instructius.

90 1227 173 1286 Nam
195 1237 311 1288 cuncta
330 1226 421 1288 nohis
442 1229 635 1290 attribuisset
654 1227 835 1304 commoda,

91 1306 319 1448 guaecunspue·
336 1309 479 1370 Fortuna
500 1308 664 1391 indulgens
686 1307 809 1372 animali
830 1306 933 1368 dedit:

122 1386 268 1468 lephantr
288 1408 390 1466 vires,
413 1401 445 1449 et
463 1389 563 1450 leonis
583 1389 752 1471 impetum,
1065 1389 1090 1454 5

92 1467 240 1531 Cornicis
262 1488 392 1544 aevum,
413 1469 546 1562 gloriam
565 1470 648 1530 tauri
667 1468 783 1545 trucis,

91 1545 179 1632 Equi
200 1548 322 1610 velocis
345 1547 501 1629 placidam
521 1551 809 1626 mansuetudinem,

91 1628 135 1688 Et
160 1626 290 1689 adesset
308 1627 427 1689 homini
451 1649 507 1689 sua
529 1640 634 1690 tamen
659 1629 797 1691 solertia.

91 1708 251 1770 Nimirum
270 1707 303 1768 in
323 1710 414 1770 coelo
437 1729 545 1771 secum
564 1708 649 1770 ridet
667 1710 805 1791 Iupiter,

91 1789 183 1850 Haec
205 1788 262 1872 qui
279 1790 406 1872 negavit
427 1808 540 1872 magno
560 1790 691 1851 consilio
715 1787 849 1864 homini,
1053 1805 1088 1848 ao

91 1869 142 1929 Ne
166 1879 331 1949 sceptrum
351 1869 460 1930 mundi
483 1881 613 1963 raperet
632 1882 740 1931 nostra
763 1867 902 1929 audacia.
976 1901 978 1905 ·

92 1948 185 2032 Ergo
208 1950 350 2010 contenti
369 1969 501 2011 munere
520 1949 628 2012 invicti
648 1950 749 2026 loris,
963 1953 965 1956 ’

92 2028 212 2090 Fatalis
238 2047 334 2090 annos
358 2030 563 2100 decurramus
586 2031 756 2112 temporis,

93 2109 161 2170 Nec
180 2109 255 2192 plus
279 2127 447 2192 conemur,
469 2129 564 2195 quam
587 2110 659 2172 sinit
678 2108 858 2172 mortalitas.

94 2387 330 2442 sisi.'1annellius:
355 2391 448 2455 Quom¹
464 2407 579 2458 parvam
602 2393 726 2463 quamvis
747 2401 854 2460 partem
876 2391 1014 2462 impertiar
1030 2391 1088 2443 cti.

94 2455 222 2511 Bothius:
243 2461 330 2524 Quam
345 2470 451 2524 partem
467 2457 516 2508 siti
527 2476 577 2526 ego
611 2464 713 2511 uamvis
728 2477 841 2528 parvam
857 2460 1008 2528 impertiar.

144 2526 215 2577 Fac.
233 2526 268 2592 11,
287 2543 316 2576 v.
339 2541 360 2575 ι.
379 2525 419 2574 Ita
434 2525 548 2576 Cassitus
562 2478 608 2577 Ed

94 2596 121 2644 si
138 2612 175 2645 .a
186 2630 193 2645 .
204 2631 210 2644 .
220 2612 251 2644 r.
260 2592 297 2663 s.
308 2628 315 2644 .
328 2628 334 2643 .
346 2605 402 2643 sset
418 2610 475 2643 meo
494 2594 607 2663 Supplct
629 2595 772 2646 Iannellius
791 2591 914 2644 Arbitrio
936 2596 962 2644 si
977 2595 1088 2644 Natura

92 2661 229 2732 finxisset
249 2680 314 2714 meo.
334 2661 426 2714 Cessit.
445 2661 495 2712 Ed.
513 2663 552 2712 111
561 2661 718 2731 formasset
736 2679 801 2711 meo.
819 2690 853 2700 —
868 2680 896 2712 v.
914 2664 938 2712 3.
957 2662 1088 2713 Emenda-

95 2731 131 2780 vit
149 2730 307 2782 Iannellius.
326 2728 432 2784 Codex:
452 2731 547 2782 Na...
566 2732 643 2782 nobis
668 2740 722 2783 etc.
741 2729 871 2782 Cassitus:
896 2731 1019 2800 Namque
1031 2731 1090 2780 'illa

96 2798 186 2850 nobis.
206 2828 240 2840 -
257 2815 286 2848 v.
309 2797 333 2864 4.
363 2796 431 2849 Cod.
450 2801 739 2868 Q...queFortu1m.
760 2798 876 2848 Cassitus
903 2809 929 2849 et
946 2801 1090 2849 Iannellius

98 2867 294 2936 Quaecunque.
305 2865 413 2916 Bothius
430 2881 445 2916 a
458 2865 566 2918 Codicis
579 2870 693 2936 vestigiis
706 2864 835 2918 recedens
849 2869 1002 2936 Quotquot.
1020 2868 1088 2915 Han-

96 2931 156 2985 dius
175 2936 294 2987 coniecit
315 2931 462 3004 Quidquid
475 2965 508 2975 -
524 2951 553 2985 v.
572 2938 596 2989 5.
615 2937 656 2988 De
673 2954 739 2987 voce
755 2933 891 3003 elephanti
904 2936 932 2984 in
944 2934 1011 2985 Cod.
1023 2933 1090 2983 nihil

97 3013 220 3068 superest
237 3005 287 3054 nisi
305 3004 400 3054 literae
417 3002 527 3054 El..ha
538 3039 561 3054 ..
580 3005 718 3073 Supplevit
737 3003 860 3054 Cassitus.
878 3029 913 3042 -
929 3020 958 3053 v.
977 3005 1001 3054 6.
1022 3001 1089 3052 Cod.

98 3077 165 3122 teste
182 3072 313 3123 Iannellio
333 3071 465 3139 Captus.
478 3106 484 3120 .
496 3087 602 3134 aevum,
621 3082 651 3122 ut
665 3074 699 3122 sit
716 3071 824 3141 Corpus
843 3071 872 3119 in
884 3073 925 3121 vel
937 3069 975 3120 ad
988 3087 1087 3120 aevum.

96 3137 175 3201 Quae
197 3142 278 3192 lectio
298 3156 359 3191 cum
379 3137 523 3189 commodo
540 3158 618 3192 sensu
643 3149 731 3192 careat
756 3139 864 3190 coniicit
883 3138 1089 3189 Phoenicisae-

100 3222 178 3268 vum,·
202 3216 291 3260 tamen
308 3208 408 3275 etipse
425 3208 534 3256 assumit
552 3208 647 3260 Cassiti
667 3210 880 3276 supplementum
901 3207 1027 3257 Cornicis
1044 3224 1089 3256 ae-

101 3289 168 3323 vum.
185 3303 219 3314 —
236 3293 264 3325 v.
285 3291 325 3330 ro.
343 3275 411 3326 Cod.
430 3283 499 3324 teste
516 3275 657 3340 Iannellio‚
675 3275 837 3326 hominibus.
852 3274 1005 3326 Emendav'it
1026 3275 1089 3328 Cas·

100 3341 173 3416 situs.
192 3343 316 3410 sossius,
334 3352 365 3394 ut
382 3350 497 3396 metrum
514 3346 659 3414 elegantius
678 3343 786 3412 evadat,
809 3343 924 3398 consilio
943 3344 999 3398 tibi.

496 3567 690 3580 W

604 2565 609 2577 .
625 2529 670 2578 IV.
684 2526 752 2578 Cod.
763 2534 830 2577 teste
842 2527 985 2579 lannellio:
1005 2531 1086 2576 A....
1152 2565 1154 2570 .
