2610 4002
207 607 283 670 suit,
302 612 364 661 tum
383 597 548 680 deficientes
567 607 598 658 et
616 606 773 676 corruptas
790 601 929 658 tentavit.
958 591 1085 678 Neapoli
1110 596 1200 679 1809.

153 776 157 782 ι
209 707 258 765 Ea
274 709 361 779 regia
380 703 588 785 typographia.
632 699 727 761 Haud
746 719 847 782 panea
873 712 978 761 autem
1002 699 1095 761 aliter
1118 698 1201 781 legit

208 806 401 885 Donidius,
425 807 516 867 aliter
533 803 708 864 Iannellius.
748 804 955 894 Quapropter
980 803 1035 864 ubi
1048 804 1103 865 «de
1131 802 1201 863 lee-

207 911 294 972 tione
317 911 496 995 quaeritur,
516 908 683 970 adhibetur
706 907 738 968 in
756 905 840 968 notis
854 906 970 990 nostris
991 918 1024 967 et
1042 909 1201 968 Burman-

129 1030 144 1076 ι’
207 1014 332 1075 nianum
352 1014 548 1095 exemplum,
577 1009 611 1070 id
641 1022 705 1088 est,
734 1009 845 1072 Codex
864 1010 1046 1073 Perottinus
1069 1007 1201 1090 qualem

207 1117 382 1180 Dorvillius
410 1113 605 1194 descriptum
631 1131 705 1173 eum
725 1117 905 1176 Burmanno
937 1111 1199 1189 communicavit,

209 1233 241 1283 et
260 1221 463 1282 lannellianus
486 1215 540 1275 ille
560 1212 656 1293 liber,
677 1237 741 1300 quo
766 1231 917 1300 quantum
935 1213 1002 1282 aeid
1023 1237 1116 1277 nemo
1142 1214 1198 1274 ad-

206 1321 269 1382 huc
293 1334 423 1404 praeter
445 1339 497 1380 me
519 1318 552 1379 in
572 1315 739 1380 Germania
759 1320 918 1385 editorum
937 1344 1012 1382 usus
1030 1332 1091 1380 est⁴
1122 1319 1198 1402 Ego

190 1445 287 1492 „vero
308 1423 371 1484 hoc
396 1422 499 1482 debeo
518 1432 554 1480 ut
573 1423 670 1483 multa
694 1423 753 1485 alia
776 1425 952 1486 studiorum
975 1420 1119 1487 incorum
1141 1421 1198 1482 *ad-

207 1527 361 1604 iumenta‚
379 1523 628 1612 praeclarissimo
652 1526 722 1588 viro
744 1527 900 1588 Leonardo
921 1529 1000 1604 Hag.

286 1630 449 1692 Editiones
471 1643 575 1691 autem
594 1629 706 1690 harum
725 1629 922 1708 fabularum,
943 1652 1019 1714 quas
1040 1653 1058 1692 a
1077 1649 1127 1694 me
1143 1625 1198 1689 ad·

116 1815 119 1822 ⁴
207 1732 318 1796 hibitas
342 1735 374 1794 in
393 1735 474 1796 notis
494 1732 635 1810 laudavi,
657 1732 717 1793 hae
741 1745 831 1798 sunt:

207 1839 325 1902 hierar!
344 1837 430 1916 (Ialii
448 1837 583 1896 Phaedri
603 1839 733 1896 Fabulae
752 1859 841 1918 nuper
859 1837 1028 1917 publicatae
1048 1844 1078 1896 in
1090 1835 1198 1904 Italia,

266 1963 337 2023 qaas
364 1940 541 2000 emendatius
568 1937 661 1998 edidit
683 1939 1032 2024 animadversionihasqae
1057 1943 1199 1999 instruxit

216 2101 219 2106 .
267 2043 364 2102 Fried.
386 2043 477 2102 licor.
497 2041 602 2100 Bothe.
640 2039 853 2118 Heidelbergae
878 2053 909 2101 et
928 2042 1043 2122 Spirae.
1091 2041 1199 2100 Samii·

267 2144 325 2202 bus»
340 2143 462 2218 Augusti
483 2143 608 2205 Oswald.
632 2144 735 2224 1822.)

207 2245 331 2308 Cassitti
350 2244 513 2308 Editiones
532 2246 597 2310 th
610 2265 744 2328 quarum
762 2247 864 2328 prima
887 2247 1111 2334 quinquaginta
1132 2259 1200 2309 tan·

263 2358 330 2408 turn
351 2348 502 2434 exemplis
524 2347 644 2431 prodiit
668 2351 802 2432 Neapoli
831 2353 924 2435 18093
956 2351 1055 2415 altera
1080 2352 1202 2414 ibidem

270 2453 361 2529 18113
389 2449 482 2511 tertia
499 2443 561 2512 hoe
581 2452 690 2514 titulo:
722 2456 784 2516 Iuli
800 2455 935 2516 Phaedri
960 2457 1119 2533 Aag.‘Lib.
1140 2457 1202 2514 Fa·

267 2554 350 2612 halae
371 2553 498 2616 ineditae
520 2551 657 2616 XXXII.
680 2581 751 2639 qaas
771 2565 801 2619 in
820 2557 919 2616 codice
938 2560 1096 2622 Perottiao
1117 2560 1202 2618 hibl'-

266 2659 328 2717 oth.
350 2665 448 2736 regiae
470 2659 563 2740 Neap.
585 2669 695 2742 primus
719 2655 839 2724 invenit
852 2661 1008 2743 descripsit
1036 2663 1129 2724 edidit
1149 2663 1201 2722 Ιο-

264 2784 352 2834 annes
374 2766 514 2826 Antoaias
536 2766 680 2826 Cassittas
703 2766 824 2826 Elector
846 2787 884 2826 eac
906 2767 1011 2842 colleg.
1031 2768 1200 2826 Possessor.

165 2873 168 2884 '
266 2870 295 2924 in
317 2867 355 2924 R.
381 2873 527 2948 utriusque
550 2869 670 2930 Siciliae
692 2871 764 2946 Reg.
788 2858 896 2930 Societ.
928 2869 1033 2944 Georg.
1060 2867 1200 2928 Acadcm.

266 2968 395 3028 Italicae
414 2981 502 3052 atque
521 2973 728 3056 Pontaaianaa
749 2973 867 3034 Sodalis
887 2973 1064 3033 ordinarias.
1094 2970 1199 3030 Editio

265 3077 368 3132 teriia.
389 3071 522 3152 Neapoli.
550 3075 635 3137 1811.
674 3077 723 3136 Ea·
745 3075 874 3156 Officina
894 3075 1055 3134 Monitoris
1073 3083 1132 3132 atr.
1152 3074 1199 3132 Si-

215 3228 217 3234 ,
265 3174 360 3232 ciliae.
380 3174 409 3235 8.
432 3174 553 3261 Quarta
574 3177 618 3238 ita
637 3177 836 3242 inscribitur:
859 3176 995 3238 Phaedri
1008 3178 1130 3254 Augusti
1146 3177 1200 3236 Li·

263 3275 340 3334 herti
362 3287 392 3336 et
419 3281 463 3338 Fl.
491 3283 598 3342 Aviani
620 3282 758 3341 Fabahie.
795 3279 917 3340 Accedit
946 3286 975 3340 in
1002 3280 1060 3340 hac
1089 3284 1196 3340 noviss.

203 3371 210 3392 '
264 3375 347 3440 Edit.
369 3379 502 3440 Phaedri
521 3381 729 3471 Liber'seatas
749 3394 880 3464 repertas
900 3382 1051 3442 alcanica
1068 3382 1197 3441 Antonia

216 3535 217 3538 ,
265 3481 395 3566 Cassiae
416 3488 446 3544 io
465 3482 563 3578 codice
586 3485 651 3546 MS.
674 3486 745 3562 Reg.
765 3484 832 3546 bibl.
854 3505 917 3544 cam
942 3490 1046 3569 parvis
1071 3482 1198 3544 eiusdem
1247 3529 1250 3534 .
