2678 3978
499 450 575 492 vm
600 453 756 494 Pitinum.

230 593 342 656 Librum
361 595 480 644 eraroho
500 595 607 643 tertium
624 594 728 662 Aesopi
739 596 829 662 strio,

231 677 353 742 Honori,
371 694 397 734 et
414 685 517 733 meritis
537 681 666 732 dedicans
684 683 757 734 illum
775 687 840 736 tuis.

227 772 358 840 Quemgsi
373 769 458 838 legis,
476 773 602 824 laetabor
610 791 622 835 ;
640 775 684 822 sin
701 783 789 826 autem
807 777 913 836 minus,

227 863 372 914 Habebunt
391 876 479 926 certe,
496 881 551 934 quo
571 884 599 915 se
617 865 747 916 oblectent
764 868 877 934 posteri.

126 951 208 1014 Cum
230 953 313 1014 enim
334 951 499 1020 Phaedrus
521 953 619 1014 verbs
639 951 759 1014 tantum
773 952 869 1016 iaciat
884 953 928 1016 (le
939 957 1083 1040 Eutycho
1099 973 1131 1022 et

123 1049 282 1132 posteris,
304 1070 441 1132 quorum
463 1050 503 1111 ad
521 1050 779 1112 manus-fabulae
798 1051 888 1112 Libri
907 1053 957 1112 III.
976 1055 1131 1114 transmit-

124 1145 241 1206 tendae
265 1135 341 1207 sint:
374 1147 524 1230 suspicari
546 1146 668 1227 possis,
695 1151 823 1227 poitam
843 1148 1000 1224 noluisse,
1031 1161 1067 1209 ut
1093 1149 1131 1209 ab

124 1240 213 1318 aliis,
234 1253 309 1302 tune
332 1243 529 1319 viventibus,
550 1242 753 1326 legerentur,
775 1266 845 1305 cum
865 1266 882 1306 e
903 1247 1020 1307 sabulis
1043 1246 1131 1308 Libri

124 1337 148 1395 1.
171 1347 204 1396 et
225 1338 261 1396 Π.
283 1339 415 1400 antebac
435 1339 544 1416 editis,
564 1357 677 1420 magns
691 1339 827 1421 cepisset
843 1339 1132 1402 incommodatu-

125 1451 208 1512 que,
225 1453 283 1493 suo
300 1434 398 1517 ipsius
416 1436 530 1497 damno
546 1435 699 1510 edoctus,
713 1437 894 1518 providisse
904 1437 1062 1518 putandus
1072 1450 1131 1514 est,

122 1547 166 1586 ne
187 1535 306 1611 scripta
326 1553 383 1593 sua
403 1532 435 1591 in
457 1544 623 1614 posterum
636 1551 678 1591 se
699 1529 774 1590 vivo
802 1530 833 1590 in
853 1531 1017 1612 publicum
1043 1531 1132 1592 emit-

123 1633 283 1686 terentur.
306 1626 340 1704 y)
384 1627 488 1706 Quae·
506 1627 532 1686 si
561 1627 782 1702 admittantur,
813 1628 907 1689 facile
935 1627 1133 1708 intelligitur,

124 1718 328 1798 Phaedrum,
355 1715 429 1782 vivb
458 1719 563 1780 adhuc
590 1721 723 1794 Seiano,
750 1721 894 1788 scrihere
923 1722 1066 1802 potuisse
1094 1721 1132 1780 acl

124 1818 327 1898 Eutychums
354 1817 504 1900 quodsi
533 1828 750 1878 accusator
777 1815 879 1875 alius
909 1816 1054 1876 Seiano
1077 1814 1133 1876 io·

125 1926 209 1994 ret3
229 1917 281 1977 ,ita
302 1915 449 1999 quidem,
474 1925 595 1974 utnon
617 1920 720 1988 esset,
747 1909 834 1992 quod
854 1921 1015 1972 metueret
1033 1911 1133 1972 homi·

124 2012 218 2095 nem,
238 2012 426 2092 crudelitate
447 2010 626 2070 barbarum.

175 2151 177 2158 -
210 2107 329 2168 Contra
348 2110 481 2170 Librum
502 2105 681 2167 fabularum
703 2103 725 2163 1.
739 2117 772 2166 et
785 2106 822 2165 11.
836 2105 951 2189 quibus
965 2106 1064 2187 poi-'ta
1077 2104 1134 2165 Se-

124 2201 231 2260 ianum
256 2213 288 2261 et
309 2202 387 2264 alios
411 2202 451 2262 ad
471 2202 549 2262 iram
576 2202 768 2283 provocavit
796 2203 977 2278 maximam,
1006 2215 1043 2263 ut
1071 2222 1133 2284 ego

126 2294 258 2380 quidem
280 2298 436 2376 arbitror,
465 2300 538 2360 vivo
564 2299 679 2357 Seiano
702 2309 735 2356 et
754 2295 907 2374 florente,
928 2299 967 2358 in
986 2298 1132 2380 vulgus

127 2393 227 2454 edidit
234 2416 244 2472 3
275 2394 334 2454 etsi
353 2393 587 2472 Desbillonius,
619 2405 656 2453 ut
683 2413 778 2472 supra
805 2392 923 2452 dictum
951 2403 1015 2466 est,
1042 2391 1134 2450 aliter

127 2489 253 2550 sentiat.
294 2491 456 2574 Namque,
485 2504 575 2553 recte
605 2491 735 2550 notante
757 2485 1076 2568 Cannegietero,
1097 2484 1131 2560 e)

126 2586 307 2666 »Prologus
329 2586 419 2646 Libri
440 2591 462 2648 L
485 2602 517 2649 et
541 2587 643 2647 multa
670 2584 729 2643 alia
757 2593 912 2662 arguunt,
939 2599 1003 2640 non
1024 2577 1132 2660 paucis

126 2679 292 2761 scripsisse
311 2680 435 2740 fabulas
457 2703 527 2758 suas
547 2683 748 2755 Phaedrum,
770 2679 829 2740 scd
849 2675 1009 2752 omnibue3
1027 2692 1133 2756 neque

125 2784 250 2834 tantum
271 2774 311 2834 ad
328 2779 488 2858 privatum
509 2779 655 2839 dolorem
675 2773 875 2847 leniendum,
896 2769 954 2830 sed
975 2778 1009 2828 et
1028 2767 1068 2826 ad
1086 2766 1133 2826 fa·

126 2889 210 2930 mam
233 2867 362 2951 publice
385 2874 614 2955 aucupandum.
656 2871 818 2952 Quorsum
839 2866 924 2928 enim
946 2861 1132 2924 sollicitatae

125 2966 200 3027 illae
220 2960 397 3044 προφάσεις
417 2971 457 3030 ad
478 2971 649 3046 lectorem,
677 2985 739 3026 non
766 2965 854 3026 initio
881 2962 985 3024 solum
1007 2969 1040 3020 et
1059 2957 1132 3033 fine,
1204 3011 1212 3018 ,

125 3063 185 3124 sed
209 3075 243 3123 et
269 3062 302 3124 in
329 3063 440 3124 mediis
467 3063 573 3140 libris,
604 3061 719 3145 quibus
749 3061 792 3121 nil
818 3079 899 3139 opus
925 3057 965 3117 ad
992 3053 1131 3116 amieos?
1235 3051 1240 3057 ’

125 3158 238 3250 Quid?
271 3179 342 3220 cum
369 3159 400 3217 in
422 3157 568 3240 Prologo
590 3158 679 3218 Libri
699 3158 749 3216 111.
773 3157 823 3216 23.
852 3153 1016 3236 fastidiose
1043 3171 1078 3212 se
1099 3152 1131 3210 in

177 3401 204 3469 y)
225 3399 303 3450 Co'ni.
322 3398 510 3450 Desbillonius
529 3398 563 3448 ad
579 3397 653 3449 Ptol.
672 3398 732 3448 Lib.
751 3397 796 3447 111.
816 3399 857 3452 32.

177 3485 201 3553 ι)
220 3485 287 3537 Diss.
304 3483 338 3536 de
357 3487 441 3536 Aetat.
463 3495 489 3536 et
506 3487 574 3551 stylo
594 3483 696 3568 Aviani.
715 3501 741 3552 p.
761 3495 820 3546 270.
851 3515 856 3526 -
910 3561 928 3599 ι

878 3581 895 3622 ss
