2610 4002
354 471 417 511 cru.
439 450 496 528 lll,
518 469 592 510 ran.
618 445 669 533 19‘,
693 469 776 511 urin.

81 606 173 696 Quod
194 629 228 671 es
248 609 423 692 pollicitus:
448 608 564 672 exhibe
579 611 667 672 vocis
687 607 791 670 fidem.

79 691 153 749 itam
173 690 235 750 vita
254 690 350 752 morti
369 691 503 771 propior
526 704 574 751 est
594 685 751 775 quotidie:

79 769 119 828 Et
137 770 198 831 hoc
220 770 326 830 minus
342 771 509 853 perveniet
530 771 570 831 ad
589 791 641 832 me
661 770 816 847 muneris,

80 849 147 926 Quo
167 849 237 930 plus
261 851 596 933 consumettemporis
617 850 733 912 dilatio.

35 949 36 956 ¹
80 926 111 986 Si
131 929 191 990 cito
211 951 281 991 rem
302 951 454 1015 perages,
474 953 549 992 usus
570 929 626 992 fiet
645 932 786 1015 longior:

79 1006 177 1074 Fruar
197 1009 332 1088 diutius,
353 1011 380 1072 si
399 1011 534 1073 celerius
557 1032 594 1073 ce
618 1033 686 1074 ero.

79 1087 262 1184 Languentis
288 1092 358 1153 aevi
380 1089 456 1154 dum
479 1105 551 1154 sunt
572 1035 615 1152 ad
635 1114 695 1154 uae
716 1094 895 1178 reliquiae,

81 1168 208 1231 Auxilio·
222 1171 313 1254 locus
336 1185 398 1233 est:
415 1173 496 1234 olim
518 1175 604 1234 senio
650 1172 764 1235 ehilem

80 1243 206 1311 Frustra
227 1251 376 1312 adiuvare
396 1250 518 1316 bonitas
542 1255 661 1315 nitetur
681 1267 735 1315 tua

79 1327 181 1467 guum
199 1331 260 1392 iam
280 1333 410 1394 desierit
430 1354 499 1395 esse
521 1333 675 1410 beneficio
698 1335 798 1414 utilis,
820 1349 821 1353 ’

106 1421 118 1468 t
136 1430 219 1472 mors
237 1413 339 1476 vicina
359 1411 513 1495 flagitabit
532 1415 684 1476 debitum.

81 1488 212 1552 Stultum
233 1493 406 1554 admovere
425 1493 482 1554 tihi
501 1515 615 1575 preces
638 1496 800 1573 existimo,

81 1569 229 1634 Proclivis
249 1573 335 1634 ultro
355 1594 452 1667 quum
473 1575 512 1636 sit
532 1575 756 1636 misericordia.
830 1629 839 1638 „
892 1635 896 1642 Χ

82 1647 177 1732 Saepe
201 1654 383 1736 impetrarit
407 1656 530 1716 veniam
551 1653 715 1738 confessus
735 1671 826 1717 reuss

82 1727 200 1816 Quanto
220 1733 380 1795 innocenti
399 1734 508 1794 iustius
529 1733 625 1796 dehet
645 1735 735 1798 dari?
777 1770 786 1782 -

83 1812 163 1871 'l'uae
184 1826 256 1886 sunt
275 1827 399 1896 partes,
420 1812 552 1876 fuerunt
573 1814 707 1876 aliorum
725 1817 832 1899 prius3

82 1889 158 1951 Dein
178 1893 270 1954 simili
290 1915 368 1976 gyro
393 1894 520 1955 venient
540 1885 672 1957 aliorum
692 1898 788 1959 vices.

82 1969 222 2035 Decerne
244 1974 332 2058 quod
351 1973 482 2056 religio,
503 1976 590 2070 quod
610 1977 729 2058 patitur
748 1975 843 2056 fides,

82 2045 121 2110 Et
142 2055 293 2135 gratulari
313 2075 364 2116 me
383 2055 435 2117 fac
456 2055 571 2117 iudicio
593 2069 660 2119 tuo.

80 2129 208 2194 Excedit
232 2134 368 2215 animus,
388 2156 483 2220 quem
502 2138 894 2219 proposuit,'terminumt

81 2207 141 2271 Sed
160 2212 335 2278 difficulter
356 2217 536 2278 continetur
557 2218 701 2299 spiritus,

80 2289 265 2374 Integritatis
287 2297 341 2380 qui
361 2297 502 2359 sincerae
523 2299 683 2378 conscius,
760 2303 762 2308 ’

80 2369 291 2438 annnorum
313 2377 469 2458 premitur
488 2376 668 2437 insolentiis.
683 2417 685 2424 ,

81 2447 140 2540 Qui
163 2455 240 2536 sint,
263 2456 425 2542 requires:
446 2455 641 2538 apparebunt
664 2469 817 2539 tempore.

77 2622 274 2646 Ν--Ἀ

81 2733 154 2770 manu
172 2721 385 2790 superscriptum
403 2730 442 2772 est
463 2712 563 2789 syllaba
582 2725 620 2775 ni.
646 2713 738 2774 Edidit
756 2719 882 2772 Pithoeus
908 2722 1064 2788 proemium.¹

80 2787 174 2841 Multae
191 2789 260 2840 Edd.
280 2797 390 2840 auctore
408 2790 514 2858 Heinsio
531 2791 666 2841 brevitati.
685 2820 717 2830 -
735 2805 763 2838 v.
779 2805 817 2838 11.
828 2789 961 2855 perveniet
974 2804 1065 2838 emen-

82 2853 149 2906 davit
166 2859 293 2924 Ursinus3
318 2873 380 2906 nam
399 2856 487 2908 Codd.
511 2859 678 2911 claudicante
695 2865 781 2908 metro
802 2857 894 2905 veniet.
918 2879 950 2894 ι·-
975 2872 1004 2907 v.
1025 2855 1064 2919 14.

81 2937 188 2994 coepero
208 2925 296 2978 Codd.
318 2941 411 2992 cepero
433 2927 590 2978 coniectura
609 2935 648 2978 est
672 2923 837 2976 Riitershusii
865 2924 986 2991 plurimis
1003 2939 1065 2991 pro·

80 2988 146 3042 bata.
163 3024 196 3036 —
214 3011 242 3044 v.
262 2995 303 3048 18.
325 2990 448 3044 Correxit
466 2993 582 3061 Gudius3
600 2997 627 3044 in
647 2993 734 3044 Codd.
748 2992 875 3042 mendose
890 2989 1021 3040 desideret
1039 2999 1066 3041 et

80 3062 178 3113 utilius.
199 3062 341 3125 Pithoeus,
362 3061 420 3115 alii:
441 3062 506 3110 Cum
524 3064 577 3112 ium
594 3061 705 3112 desierit
714 3079 770 3110 esse
779 3059 933 3129 benificium
947 3059 1021 3108 utile.
1032 3090 1066 3100 —

24 3177 25 3180 ,
79 3141 105 3176 v.
123 3144 162 3182 20.
180 3130 336 3181 Emendavit
351 3127 426 3182 Frid,
446 3128 607 3181 Gronovius.
637 3133 667 3180 ln
687 3130 755 3180 Cod.
777 3126 845 3178 Pith.
871 3125 921 3176 tihi
937 3145 1064 3197 praeceps

80 3197 143 3256 eris,
162 3197 230 3248 Cod.
250 3199 322 3248 Item.
344 3196 397 3246 tibi
411 3214 521 3268 preceps
539 3217 616 3259 eres,
634 3207 746 3265 uterque
768 3203 904 3263 corrupte.
917 3195 1063 3248 Deshillon.

79 3266 244 3317 coniectura:
261 3265 395 3332 Stultum,
413 3264 551 3317 admovere
565 3266 616 3316 tibi
622 3284 730 3336 preces,
763 3264 926 3332 'er-spexeris.
944 3264 996 3316 Alii
1013 3267 1062 3316 ali-·

78 3335 117 3380 ter
133 3335 312 3384 coniecerunt.
335 3365 367 3375 -
391 3351 419 3384 v.
438 3332 470 3400 ad
486 3337 512 3385 et
530 3337 571 3387 25.
597 3330 723 3408 Correxit
766 3332 850 3384 odius.
872 3329 960 3382 Codd.
987 3345 1062 3384 men*

79 3399 154 3452 dose:
162 3399 283 3470 suerunt
299 3403 417 3453 aliorum
435 3400 511 3464 derit,
530 3403 618 3453 Simili
632 3419 705 3472 gyro
726 3399 963 3452 contestariorum
982 3402 1060 3451 vicesr

78 3493 108 3505 —
125 3485 152 3518 v.
171 3486 212 3535 27·
231 3471 270 3519 lta
289 3471 373 3522 edidit
391 3469 536 3536 Pithoeus,
559 3488 637 3540 quem
657 3487 747 3524 omnes
766 3470 822 3521 sere
846 3476 1001 3537 sequuntur.
1018 3469 1062 3519 *ln

79 3533 161 3588 Codd.
180 3548 307 3608 corrupte
325 3549 468 3594 metatore
486 3538 597 3593 iudicio.-

121 3635 264 3695 Phaedrus·
