<?xml version="1.0" encoding="UTF-8"?>
<!DOCTYPE html PUBLIC "-//W3C//DTD XHTML 1.0 Transitional//EN"
    "http://www.w3.org/TR/xhtml1/DTD/xhtml1-transitional.dtd">
<html xmlns="http://www.w3.org/1999/xhtml" xml:lang="en" lang="en">
 <head>
  <title>
</title>
<meta http-equiv="Content-Type" content="text/html;charset=utf-8" />
  <meta name='ocr-system' content='tesseract 3.04.00' />
  <meta name='ocr-capabilities' content='ocr_page ocr_carea ocr_par ocr_line ocrx_word'/>
</head>
<body>
  <div class='ocr_page' id='page_1' title='image "./phaedriaugustil00aesogoog_0134.png"; bbox 0 0 2610 4002; ppageno 0'>
   <div class='ocr_carea' id='block_1_1' title="bbox 398 489 1083 564">
    <p class='ocr_par' dir='ltr' id='par_1_1' title="bbox 398 489 1083 564">
     <span class='ocr_line' id='line_1_1' title="bbox 398 489 1083 564; baseline 0.012 -33"><span class='ocrx_word' id='word_1_1' title='bbox 398 489 510 532; x_wconf 65' lang='lat' dir='ltr'>10⁴!st</span> <span class='ocrx_word' id='word_1_2' title='bbox 532 491 574 532; x_wconf 79' lang='lat' dir='ltr'>AD</span> <span class='ocrx_word' id='word_1_3' title='bbox 601 492 788 539; x_wconf 67' lang='lat' dir='ltr'>PHARDRUH.</span> <span class='ocrx_word' id='word_1_4' title='bbox 1044 501 1083 564; x_wconf 68' lang='lat'>97</span> 
     </span>
    </p>
   </div>
   <div class='ocr_carea' id='block_1_2' title="bbox 92 629 1084 1250">
    <p class='ocr_par' dir='ltr' id='par_1_2' title="bbox 92 629 1084 1250">
     <span class='ocr_line' id='line_1_2' title="bbox 93 629 1084 707; baseline 0.009 -25"><span class='ocrx_word' id='word_1_5' title='bbox 93 629 166 684; x_wconf 89' lang='lat' dir='ltr'>illud</span> <span class='ocrx_word' id='word_1_6' title='bbox 185 630 290 686; x_wconf 86' lang='lat' dir='ltr'>Gudias</span> <span class='ocrx_word' id='word_1_7' title='bbox 310 632 432 703; x_wconf 81' lang='lat' dir='ltr'>accipere</span> <span class='ocrx_word' id='word_1_8' title='bbox 448 634 575 702; x_wconf 83' lang='lat' dir='ltr'>potnerit,</span> <span class='ocrx_word' id='word_1_9' title='bbox 593 635 645 702; x_wconf 79' lang='lat' dir='ltr'>legi</span> <span class='ocrx_word' id='word_1_10' title='bbox 663 637 690 686; x_wconf 87' lang='lat' dir='ltr'>in</span> <span class='ocrx_word' id='word_1_11' title='bbox 707 639 886 707; x_wconf 82' lang='lat' dir='ltr'>manuscripto</span> <span class='ocrx_word' id='word_1_12' title='bbox 918 641 1084 695; x_wconf 73' lang='lat' dir='ltr'><em>artitudine:</em></span> 
     </span>
     <span class='ocr_line' id='line_1_3' title="bbox 94 700 1083 770; baseline 0.012 -20"><span class='ocrx_word' id='word_1_13' title='bbox 94 717 158 750; x_wconf 88' lang='lat' dir='ltr'>nam</span> <span class='ocrx_word' id='word_1_14' title='bbox 177 700 277 752; x_wconf 81' lang='lat' dir='ltr'>docent</span> <span class='ocrx_word' id='word_1_15' title='bbox 292 702 395 770; x_wconf 88' lang='lat' dir='ltr'>primae</span> <span class='ocrx_word' id='word_1_16' title='bbox 413 701 557 767; x_wconf 76' lang='lat' dir='ltr'>editiones,</span> <span class='ocrx_word' id='word_1_17' title='bbox 579 703 648 755; x_wconf 86' lang='lat' dir='ltr'>hanc</span> <span class='ocrx_word' id='word_1_18' title='bbox 665 712 782 755; x_wconf 80' lang='lat' dir='ltr'>nostram</span> <span class='ocrx_word' id='word_1_19' title='bbox 801 723 857 758; x_wconf 85' lang='lat' dir='ltr'>esse</span> <span class='ocrx_word' id='word_1_20' title='bbox 873 710 1011 762; x_wconf 76' lang='lat' dir='ltr'>Pnhoeani</span> <span class='ocrx_word' id='word_1_21' title='bbox 1029 713 1083 762; x_wconf 93' lang='lat' dir='ltr'>Co·</span> 
     </span>
     <span class='ocr_line' id='line_1_4' title="bbox 93 769 1083 844; baseline 0.011 -26"><span class='ocrx_word' id='word_1_22' title='bbox 93 769 165 820; x_wconf 89' lang='lat' dir='ltr'>dicis</span> <span class='ocrx_word' id='word_1_23' title='bbox 180 769 352 822; x_wconf 83' lang='lat' dir='ltr'>Lectionem:</span> <span class='ocrx_word' id='word_1_24' title='bbox 372 780 398 822; x_wconf 89' lang='lat' dir='ltr'>et</span> <span class='ocrx_word' id='word_1_25' title='bbox 415 771 493 821; x_wconf 84' lang='lat' dir='ltr'>missa</span> <span class='ocrx_word' id='word_1_26' title='bbox 503 771 589 828; x_wconf 78' lang='lat' dir='ltr'>Remis</span> <span class='ocrx_word' id='word_1_27' title='bbox 599 771 634 823; x_wconf 90' lang='lat' dir='ltr'>ad</span> <span class='ocrx_word' id='word_1_28' title='bbox 644 773 816 824; x_wconf 81' lang='lat' dir='ltr'>Vavessorem</span> <span class='ocrx_word' id='word_1_29' title='bbox 831 779 950 844; x_wconf 89' lang='lat' dir='ltr'>epistola,</span> <span class='ocrx_word' id='word_1_30' title='bbox 970 797 1023 829; x_wconf 87' lang='lat' dir='ltr'>non</span> <span class='ocrx_word' id='word_1_31' title='bbox 1034 782 1083 831; x_wconf 87' lang='lat' dir='ltr'>ali·</span> 
     </span>
     <span class='ocr_line' id='line_1_5' title="bbox 93 836 1082 916; baseline 0.014 -30"><span class='ocrx_word' id='word_1_32' title='bbox 93 845 137 894; x_wconf 82' lang='lat' dir='ltr'>ter</span> <span class='ocrx_word' id='word_1_33' title='bbox 154 839 183 887; x_wconf 90' lang='lat' dir='ltr'>in</span> <span class='ocrx_word' id='word_1_34' title='bbox 199 836 301 890; x_wconf 81' lang='lat' dir='ltr'>Codice</span> <span class='ocrx_word' id='word_1_35' title='bbox 319 839 440 890; x_wconf 81' lang='lat' dir='ltr'>Rememi</span> <span class='ocrx_word' id='word_1_36' title='bbox 457 838 587 906; x_wconf 70' lang='lat' dir='ltr'>scriptum</span> <span class='ocrx_word' id='word_1_37' title='bbox 606 857 662 892; x_wconf 85' lang='lat' dir='ltr'>esse</span> <span class='ocrx_word' id='word_1_38' title='bbox 675 849 794 892; x_wconf 85' lang='lat' dir='ltr'>testatur.</span> <span class='ocrx_word' id='word_1_39' title='bbox 812 845 907 894; x_wconf 80' lang='lat' dir='ltr'>Mirum</span> <span class='ocrx_word' id='word_1_40' title='bbox 922 855 1008 898; x_wconf 82' lang='lat' dir='ltr'>autem</span> <span class='ocrx_word' id='word_1_41' title='bbox 1018 864 1082 916; x_wconf 87' lang='lat' dir='ltr'>pro.-</span> 
     </span>
     <span class='ocr_line' id='line_1_6' title="bbox 92 901 1083 990; baseline 0.012 -34"><span class='ocrx_word' id='word_1_42' title='bbox 92 905 187 970; x_wconf 78' lang='lat' dir='ltr'>secto,</span> <span class='ocrx_word' id='word_1_43' title='bbox 213 901 441 972; x_wconf 83' lang='lat' dir='ltr'>qnod&#39;Walchius</span> <span class='ocrx_word' id='word_1_44' title='bbox 453 905 545 974; x_wconf 76' lang='lat' dir='ltr'>legere</span> <span class='ocrx_word' id='word_1_45' title='bbox 564 908 669 974; x_wconf 88' lang='lat' dir='ltr'>iubeat,</span> <span class='ocrx_word' id='word_1_46' title='bbox 693 921 782 960; x_wconf 80' lang='lat' dir='ltr'>vestra</span> <span class='ocrx_word' id='word_1_47' title='bbox 787 909 964 990; x_wconf 72' lang='lat' dir='ltr'>fortitudine</span> <span class='ocrx_word' id='word_1_48' title='bbox 969 950 978 975; x_wconf 89' lang='lat'>,</span> <span class='ocrx_word' id='word_1_49' title='bbox 996 933 1026 966; x_wconf 84' lang='lat' dir='ltr'>ex</span> <span class='ocrx_word' id='word_1_50' title='bbox 1050 932 1083 968; x_wconf 87' lang='lat' dir='ltr'>co</span> 
     </span>
     <span class='ocr_line' id='line_1_7' title="bbox 93 972 1083 1050; baseline 0.011 -28"><span class='ocrx_word' id='word_1_51' title='bbox 93 972 168 1041; x_wconf 92' lang='lat' dir='ltr'>quod</span> <span class='ocrx_word' id='word_1_52' title='bbox 184 975 267 1040; x_wconf 86' lang='lat' dir='ltr'>paulo</span> <span class='ocrx_word' id='word_1_53' title='bbox 285 982 347 1043; x_wconf 87' lang='lat' dir='ltr'>post</span> <span class='ocrx_word' id='word_1_54' title='bbox 363 974 505 1042; x_wconf 81' lang='lat' dir='ltr'>sequatur,</span> <span class='ocrx_word' id='word_1_55' title='bbox 522 976 572 1044; x_wconf 80' lang='lat' dir='ltr'>qui</span> <span class='ocrx_word' id='word_1_56' title='bbox 586 987 651 1026; x_wconf 82' lang='lat' dir='ltr'>sunt</span> <span class='ocrx_word' id='word_1_57' title='bbox 667 979 766 1028; x_wconf 83' lang='lat' dir='ltr'>virtute</span> <span class='ocrx_word' id='word_1_58' title='bbox 779 996 904 1050; x_wconf 73' lang='lat' dir='ltr'>impares.</span> <span class='ocrx_word' id='word_1_59' title='bbox 926 983 992 1032; x_wconf 88' lang='lat' dir='ltr'>Nam</span> <span class='ocrx_word' id='word_1_60' title='bbox 1008 985 1029 1032; x_wconf 88' lang='lat' dir='ltr'>si</span> <span class='ocrx_word' id='word_1_61' title='bbox 1042 985 1083 1034; x_wconf 91' lang='lat' dir='ltr'>in·</span> 
     </span>
     <span class='ocr_line' id='line_1_8' title="bbox 92 1040 1083 1109; baseline 0.01 -17"><span class='ocrx_word' id='word_1_62' title='bbox 92 1043 198 1092; x_wconf 80' lang='lat' dir='ltr'>tellexit</span> <span class='ocrx_word' id='word_1_63' title='bbox 214 1041 294 1093; x_wconf 86' lang='lat' dir='ltr'>verba</span> <span class='ocrx_word' id='word_1_64' title='bbox 310 1040 443 1109; x_wconf 82' lang='lat' dir='ltr'><strong>Phaedri,</strong></span> <span class='ocrx_word' id='word_1_65' title='bbox 464 1044 533 1094; x_wconf 87' lang='lat' dir='ltr'>scire</span> <span class='ocrx_word' id='word_1_66' title='bbox 548 1042 658 1109; x_wconf 81' lang='lat' dir='ltr'>debuit,</span> <span class='ocrx_word' id='word_1_67' title='bbox 682 1062 785 1096; x_wconf 83' lang='lat' dir='ltr'>sensum</span> <span class='ocrx_word' id='word_1_68' title='bbox 804 1049 859 1098; x_wconf 90' lang='lat' dir='ltr'>loci</span> <span class='ocrx_word' id='word_1_69' title='bbox 876 1048 952 1099; x_wconf 87' lang='lat' dir='ltr'>huius</span> <span class='ocrx_word' id='word_1_70' title='bbox 989 1054 1083 1102; x_wconf 88' lang='lat' dir='ltr'>osteri-</span> 
     </span>
     <span class='ocr_line' id='line_1_9' title="bbox 92 1067 1083 1182; baseline 0.01 -22"><span class='ocrx_word' id='word_1_71' title='bbox 92 1111 149 1160; x_wconf 89' lang='lat' dir='ltr'>oris</span> <span class='ocrx_word' id='word_1_72' title='bbox 167 1127 239 1174; x_wconf 83' lang='lat' dir='ltr'>esse,</span> <span class='ocrx_word' id='word_1_73' title='bbox 257 1125 314 1161; x_wconf 89' lang='lat' dir='ltr'>non</span> <span class='ocrx_word' id='word_1_74' title='bbox 331 1112 452 1180; x_wconf 80' lang='lat' dir='ltr'>quisine</span> <span class='ocrx_word' id='word_1_75' title='bbox 467 1112 565 1164; x_wconf 81' lang='lat' dir='ltr'>virtute</span> <span class='ocrx_word' id='word_1_76' title='bbox 581 1123 629 1166; x_wconf 82' lang='lat' dir='ltr'>tua</span> <span class='ocrx_word' id='word_1_77' title='bbox 648 1114 778 1182; x_wconf 71' lang='lat' dir='ltr'>impunes,</span> <span class='ocrx_word' id='word_1_78' title='bbox 796 1131 864 1182; x_wconf 86' lang='lat' dir='ltr'>quae</span> <span class='ocrx_word' id='word_1_79' title='bbox 882 1067 996 1169; x_wconf 55' lang='lat' dir='ltr'>absurdo</span> <span class='ocrx_word' id='word_1_80' title='bbox 1014 1129 1083 1171; x_wconf 83' lang='lat' dir='ltr'>esset</span> 
     </span>
     <span class='ocr_line' id='line_1_10' title="bbox 93 1177 736 1250; baseline 0.005 -20"><span class='ocrx_word' id='word_1_81' title='bbox 93 1179 198 1243; x_wconf 77' lang='lat' dir='ltr'>orati03</span> <span class='ocrx_word' id='word_1_82' title='bbox 215 1177 281 1244; x_wconf 85' lang='lat' dir='ltr'>scd,</span> <span class='ocrx_word' id='word_1_83' title='bbox 301 1181 352 1247; x_wconf 80' lang='lat' dir='ltr'>qni</span> <span class='ocrx_word' id='word_1_84' title='bbox 367 1180 424 1232; x_wconf 80' lang='lat' dir='ltr'>sint</span> <span class='ocrx_word' id='word_1_85' title='bbox 437 1182 489 1232; x_wconf 81' lang='lat' dir='ltr'>tibi</span> <span class='ocrx_word' id='word_1_86' title='bbox 503 1182 736 1250; x_wconf 80' lang='lat' dir='ltr'>vir-tutet&#39;mpnres.</span> 
     </span>
    </p>
   </div>
   <div class='ocr_carea' id='block_1_3' title="bbox 232 1325 941 1414">
    <p class='ocr_par' dir='ltr' id='par_1_3' title="bbox 232 1325 941 1414">
     <span class='ocr_line' id='line_1_11' title="bbox 232 1325 941 1414; baseline 0.01 -27"><span class='ocrx_word' id='word_1_87' title='bbox 232 1325 309 1387; x_wconf 79' lang='lat' dir='ltr'>Feb.</span> <span class='ocrx_word' id='word_1_88' title='bbox 330 1326 414 1387; x_wconf 76' lang='lat' dir='ltr'>xlx.</span> <span class='ocrx_word' id='word_1_89' title='bbox 434 1326 473 1392; x_wconf 88' lang='lat' dir='ltr'>V.</span> <span class='ocrx_word' id='word_1_90' title='bbox 495 1326 543 1390; x_wconf 74' lang='lat' dir='ltr'>ao.</span> <span class='ocrx_word' id='word_1_91' title='bbox 568 1327 685 1414; x_wconf 85' lang='lat' dir='ltr'><strong>nequid</strong></span> <span class='ocrx_word' id='word_1_92' title='bbox 704 1331 800 1397; x_wconf 81' lang='lat' dir='ltr'>faciat</span> <span class='ocrx_word' id='word_1_93' title='bbox 818 1335 941 1396; x_wconf 86' lang='lat' dir='ltr'>luorum</span> 
     </span>
    </p>
   </div>
   <div class='ocr_carea' id='block_1_4' title="bbox 65 1452 1115 2936">
    <p class='ocr_par' dir='ltr' id='par_1_4' title="bbox 65 1452 1082 1658">
     <span class='ocr_line' id='line_1_12' title="bbox 89 1452 1081 1528; baseline 0.012 -26"><span class='ocrx_word' id='word_1_94' title='bbox 89 1452 176 1502; x_wconf 80' lang='lat' dir='ltr'>Miror</span> <span class='ocrx_word' id='word_1_95' title='bbox 193 1452 262 1504; x_wconf 85' lang='lat' dir='ltr'>hanc</span> <span class='ocrx_word' id='word_1_96' title='bbox 279 1452 447 1504; x_wconf 86' lang='lat' dir='ltr'>locutionem</span> <span class='ocrx_word' id='word_1_97' title='bbox 464 1461 506 1506; x_wconf 85' lang='lat' dir='ltr'>tot</span> <span class='ocrx_word' id='word_1_98' title='bbox 518 1457 578 1507; x_wconf 86' lang='lat' dir='ltr'>viris</span> <span class='ocrx_word' id='word_1_99' title='bbox 593 1457 701 1509; x_wconf 88' lang='lat' dir='ltr'>eruditis</span> <span class='ocrx_word' id='word_1_100' title='bbox 720 1458 799 1509; x_wconf 86' lang='lat' dir='ltr'>luisse</span> <span class='ocrx_word' id='word_1_101' title='bbox 817 1470 976 1528; x_wconf 72' lang='lat' dir='ltr'>suspectam,</span> <span class='ocrx_word' id='word_1_102' title='bbox 993 1471 1022 1513; x_wconf 89' lang='lat' dir='ltr'>ut</span> <span class='ocrx_word' id='word_1_103' title='bbox 1038 1466 1081 1516; x_wconf 85' lang='lat' dir='ltr'>alii</span> 
     </span>
     <span class='ocr_line' id='line_1_13' title="bbox 90 1518 1082 1601; baseline 0.015 -33"><span class='ocrx_word' id='word_1_104' title='bbox 90 1518 195 1589; x_wconf 81' lang='lat' dir='ltr'>nequid</span> <span class='ocrx_word' id='word_1_105' title='bbox 209 1519 282 1572; x_wconf 80' lang='lat' dir='ltr'>lucri</span> <span class='ocrx_word' id='word_1_106' title='bbox 286 1555 296 1583; x_wconf 87' lang='lat'>,</span> <span class='ocrx_word' id='word_1_107' title='bbox 316 1521 361 1570; x_wconf 86' lang='lat' dir='ltr'>alii</span> <span class='ocrx_word' id='word_1_108' title='bbox 379 1522 491 1590; x_wconf 82' lang='lat' dir='ltr'><em>nequod</em></span> <span class='ocrx_word' id='word_1_109' title='bbox 506 1523 620 1591; x_wconf 83' lang='lat' dir='ltr'>lucrum,</span> <span class='ocrx_word' id='word_1_110' title='bbox 639 1525 725 1576; x_wconf 84' lang='lat' dir='ltr'>invitis</span> <span class='ocrx_word' id='word_1_111' title='bbox 735 1525 880 1578; x_wconf 90' lang='lat' dir='ltr'>Codicibus</span> <span class='ocrx_word' id='word_1_112' title='bbox 897 1533 1082 1601; x_wconf 68' lang='lat' dir='ltr'>manuscripti:</span> 
     </span>
     <span class='ocr_line' id='line_1_14' title="bbox 65 1587 956 1658; baseline 0.015 -21"><span class='ocrx_word' id='word_1_113' title='bbox 65 1623 74 1637; x_wconf 76' lang='grc'><em>,</em></span> <span class='ocrx_word' id='word_1_114' title='bbox 89 1597 264 1658; x_wconf 85' lang='lat' dir='ltr'>reponerent.</span> <span class='ocrx_word' id='word_1_115' title='bbox 297 1589 365 1638; x_wconf 82' lang='lat' dir='ltr'>Nom</span> <span class='ocrx_word' id='word_1_116' title='bbox 383 1587 507 1657; x_wconf 84' lang='lat' dir='ltr'>Plautus,</span> <span class='ocrx_word' id='word_1_117' title='bbox 524 1593 638 1643; x_wconf 84' lang='lat' dir='ltr'>Mostell.</span> <span class='ocrx_word' id='word_1_118' title='bbox 656 1600 707 1644; x_wconf 83' lang='lat' dir='ltr'>act.</span> <span class='ocrx_word' id='word_1_119' title='bbox 727 1609 751 1642; x_wconf 81' lang='lat' dir='ltr'>n.</span> <span class='ocrx_word' id='word_1_120' title='bbox 770 1611 806 1644; x_wconf 87' lang='lat' dir='ltr'>sc.</span> <span class='ocrx_word' id='word_1_121' title='bbox 829 1610 854 1649; x_wconf 81' lang='lat' dir='ltr'>a.</span> <span class='ocrx_word' id='word_1_122' title='bbox 871 1613 894 1648; x_wconf 84' lang='lat' dir='ltr'>v.</span> <span class='ocrx_word' id='word_1_123' title='bbox 912 1598 956 1650; x_wconf 83' lang='lat'>66.</span> 
     </span>
    </p>

    <p class='ocr_par' dir='ltr' id='par_1_5' title="bbox 88 1657 831 1790">
     <span class='ocr_line' id='line_1_15' title="bbox 225 1657 831 1729; baseline 0.008 -22"><span class='ocrx_word' id='word_1_124' title='bbox 225 1657 329 1724; x_wconf 78' lang='lat' dir='ltr'>Rogant</span> <span class='ocrx_word' id='word_1_125' title='bbox 346 1657 440 1708; x_wconf 88' lang='lat' dir='ltr'>cuiatis</span> <span class='ocrx_word' id='word_1_126' title='bbox 462 1661 510 1726; x_wconf 88' lang='lat' dir='ltr'>sis,</span> <span class='ocrx_word' id='word_1_127' title='bbox 530 1659 594 1729; x_wconf 87' lang='lat' dir='ltr'>quid</span> <span class='ocrx_word' id='word_1_128' title='bbox 615 1662 641 1712; x_wconf 82' lang='lat' dir='ltr'>ei</span> <span class='ocrx_word' id='word_1_129' title='bbox 658 1674 754 1712; x_wconf 89' lang='lat' dir='ltr'>nomen</span> <span class='ocrx_word' id='word_1_130' title='bbox 773 1663 831 1712; x_wconf 88' lang='lat' dir='ltr'>siet.</span> 
     </span>
     <span class='ocr_line' id='line_1_16' title="bbox 88 1722 515 1790; baseline 0.007 -14"><span class='ocrx_word' id='word_1_131' title='bbox 88 1725 200 1776; x_wconf 83' lang='lat' dir='ltr'>Trucul.</span> <span class='ocrx_word' id='word_1_132' title='bbox 219 1734 271 1776; x_wconf 83' lang='lat' dir='ltr'>act.</span> <span class='ocrx_word' id='word_1_133' title='bbox 290 1741 314 1776; x_wconf 80' lang='lat' dir='ltr'>a.</span> <span class='ocrx_word' id='word_1_134' title='bbox 332 1741 370 1776; x_wconf 87' lang='lat' dir='ltr'>sc.</span> <span class='ocrx_word' id='word_1_135' title='bbox 388 1722 414 1790; x_wconf 76' lang='grc'>4.</span> <span class='ocrx_word' id='word_1_136' title='bbox 431 1743 455 1779; x_wconf 86' lang='lat' dir='ltr'>v.</span> <span class='ocrx_word' id='word_1_137' title='bbox 473 1730 515 1780; x_wconf 82' lang='lat'>31.</span> 
     </span>
    </p>

    <p class='ocr_par' dir='ltr' id='par_1_6' title="bbox 188 1789 926 1862">
     <span class='ocr_line' id='line_1_17' title="bbox 188 1789 926 1862; baseline 0.005 -18"><span class='ocrx_word' id='word_1_138' title='bbox 188 1819 191 1828; x_wconf 93' lang='lat'>·</span> <span class='ocrx_word' id='word_1_139' title='bbox 223 1793 276 1844; x_wconf 87' lang='lat' dir='ltr'>Sed</span> <span class='ocrx_word' id='word_1_140' title='bbox 294 1793 359 1862; x_wconf 87' lang='lat' dir='ltr'>quid</span> <span class='ocrx_word' id='word_1_141' title='bbox 378 1809 428 1861; x_wconf 81' lang='lat' dir='ltr'>ego</span> <span class='ocrx_word' id='word_1_142' title='bbox 447 1796 549 1849; x_wconf 79' lang='lat' dir='ltr'>lacinus</span> <span class='ocrx_word' id='word_1_143' title='bbox 566 1795 654 1848; x_wconf 81' lang='lat' dir='ltr'>audivi</span> <span class='ocrx_word' id='word_1_144' title='bbox 673 1795 813 1849; x_wconf 79' lang='lat' dir='ltr'>adveniens</span> <span class='ocrx_word' id='word_1_145' title='bbox 831 1789 926 1848; x_wconf 85' lang='lat' dir='ltr'>tuum?</span> 
     </span>
    </p>

    <p class='ocr_par' dir='ltr' id='par_1_7' title="bbox 88 1859 807 1924">
     <span class='ocr_line' id='line_1_18' title="bbox 88 1859 807 1924; baseline 0.004 -12"><span class='ocrx_word' id='word_1_146' title='bbox 88 1859 159 1912; x_wconf 89' lang='lat' dir='ltr'>lhid.</span> <span class='ocrx_word' id='word_1_147' title='bbox 177 1868 229 1924; x_wconf 80' lang='lat' dir='ltr'>act.</span> <span class='ocrx_word' id='word_1_148' title='bbox 247 1862 272 1916; x_wconf 80' lang='lat'>3.</span> <span class='ocrx_word' id='word_1_149' title='bbox 289 1878 326 1912; x_wconf 86' lang='lat' dir='ltr'>sc.</span> <span class='ocrx_word' id='word_1_150' title='bbox 347 1876 371 1912; x_wconf 80' lang='lat' dir='ltr'>a.</span> <span class='ocrx_word' id='word_1_151' title='bbox 388 1879 412 1912; x_wconf 85' lang='lat' dir='ltr'>v.</span> <span class='ocrx_word' id='word_1_152' title='bbox 432 1862 474 1916; x_wconf 76' lang='lat'>³3.</span> <span class='ocrx_word' id='word_1_153' title='bbox 802 1885 807 1897; x_wconf 94' lang='lat'>·</span> 
     </span>
    </p>

    <p class='ocr_par' dir='ltr' id='par_1_8' title="bbox 87 1925 1033 2067">
     <span class='ocr_line' id='line_1_19' title="bbox 220 1925 1033 2002; baseline 0.007 -22"><span class='ocrx_word' id='word_1_154' title='bbox 220 1927 378 1999; x_wconf 76' lang='lat' dir='ltr'><strong>Responde,</strong></span> <span class='ocrx_word' id='word_1_155' title='bbox 397 1930 570 1999; x_wconf 78' lang='lat' dir='ltr'>adolescens,</span> <span class='ocrx_word' id='word_1_156' title='bbox 589 1947 701 2002; x_wconf 78' lang='lat' dir='ltr'>quaeso:</span> <span class='ocrx_word' id='word_1_157' title='bbox 722 1931 785 2000; x_wconf 91' lang='lat' dir='ltr'>quid</span> <span class='ocrx_word' id='word_1_158' title='bbox 804 1931 851 1984; x_wconf 91' lang='lat' dir='ltr'>tibi</span> <span class='ocrx_word' id='word_1_159' title='bbox 869 1925 1033 1986; x_wconf 86' lang='lat' dir='ltr'>nomenest?</span> 
     </span>
     <span class='ocr_line' id='line_1_20' title="bbox 87 1996 529 2067; baseline -0.002 -15"><span class='ocrx_word' id='word_1_160' title='bbox 87 1996 213 2052; x_wconf 86' lang='lat' dir='ltr'>Pseudol.</span> <span class='ocrx_word' id='word_1_161' title='bbox 234 2005 285 2050; x_wconf 83' lang='lat' dir='ltr'>act.</span> <span class='ocrx_word' id='word_1_162' title='bbox 304 2013 329 2048; x_wconf 77' lang='lat' dir='ltr'>a.</span> <span class='ocrx_word' id='word_1_163' title='bbox 346 2015 384 2050; x_wconf 88' lang='lat' dir='ltr'>sc.</span> <span class='ocrx_word' id='word_1_164' title='bbox 403 2013 427 2050; x_wconf 80' lang='lat' dir='ltr'>a.</span> <span class='ocrx_word' id='word_1_165' title='bbox 444 2017 468 2050; x_wconf 87' lang='lat' dir='ltr'>v.</span> <span class='ocrx_word' id='word_1_166' title='bbox 487 2000 529 2067; x_wconf 73' lang='grc'>44.</span> 
     </span>
    </p>

    <p class='ocr_par' dir='ltr' id='par_1_9' title="bbox 79 2067 1115 2936">
     <span class='ocr_line' id='line_1_21' title="bbox 221 2067 815 2138; baseline 0.002 -21"><span class='ocrx_word' id='word_1_167' title='bbox 221 2101 403 2118; x_wconf 83' lang='grc'><strong>.....</strong></span> <span class='ocrx_word' id='word_1_168' title='bbox 436 2067 567 2138; x_wconf 86' lang='lat' dir='ltr'>quidquid</span> <span class='ocrx_word' id='word_1_169' title='bbox 587 2077 626 2120; x_wconf 83' lang='lat' dir='ltr'>est</span> <span class='ocrx_word' id='word_1_170' title='bbox 643 2082 740 2120; x_wconf 84' lang='lat' dir='ltr'>nomen</span> <span class='ocrx_word' id='word_1_171' title='bbox 758 2067 815 2119; x_wconf 89' lang='lat' dir='ltr'>tibi.</span> 
     </span>
     <span class='ocr_line' id='line_1_22' title="bbox 87 2134 575 2204; baseline 0 -16"><span class='ocrx_word' id='word_1_172' title='bbox 87 2135 232 2202; x_wconf 81' lang='lat' dir='ltr'>Virgilius,</span> <span class='ocrx_word' id='word_1_173' title='bbox 251 2134 318 2187; x_wconf 88' lang='lat' dir='ltr'>Aen.</span> <span class='ocrx_word' id='word_1_174' title='bbox 336 2135 395 2187; x_wconf 88' lang='lat' dir='ltr'>Lib.</span> <span class='ocrx_word' id='word_1_175' title='bbox 417 2149 456 2188; x_wconf 86' lang='grc' dir='ltr'>ιο.</span> <span class='ocrx_word' id='word_1_176' title='bbox 473 2155 497 2188; x_wconf 85' lang='lat' dir='ltr'>v.</span> <span class='ocrx_word' id='word_1_177' title='bbox 516 2140 575 2204; x_wconf 82' lang='lat'><strong>293.</strong></span> 
     </span>
     <span class='ocr_line' id='line_1_23' title="bbox 85 2202 1010 2340; baseline -0.001 -18"><span class='ocrx_word' id='word_1_178' title='bbox 85 2270 141 2322; x_wconf 46' lang='lat' dir='ltr'>ab,</span> <span class='ocrx_word' id='word_1_179' title='bbox 157 2202 454 2340; x_wconf 50' lang='lat' dir='ltr'>saltui-aaa</span> <span class='ocrx_word' id='word_1_180' title='bbox 472 2208 584 2325; x_wconf 62' lang='lat' dir='ltr'>,m„,‚</span> <span class='ocrx_word' id='word_1_181' title='bbox 602 2202 866 2323; x_wconf 49' lang='lat' dir='ltr'>agellulo?</span> <span class='ocrx_word' id='word_1_182' title='bbox 885 2204 1010 2258; x_wconf 64' lang='lat' dir='ltr'>lm</span> 
     </span>
     <span class='ocr_line' id='line_1_24' title="bbox 86 2289 1077 2456; baseline 0.001 -67"><span class='ocrx_word' id='word_1_183' title='bbox 86 2339 204 2404; x_wconf 84' lang='lat' dir='ltr'>Cicero,</span> <span class='ocrx_word' id='word_1_184' title='bbox 224 2337 258 2390; x_wconf 86' lang='lat' dir='ltr'>de</span> <span class='ocrx_word' id='word_1_185' title='bbox 272 2311 349 2396; x_wconf 73' lang='lat' dir='ltr'>linio.</span> <span class='ocrx_word' id='word_1_186' title='bbox 367 2290 427 2392; x_wconf 44' lang='lat' dir='ltr'>filib.</span> <span class='ocrx_word' id='word_1_187' title='bbox 446 2310 471 2393; x_wconf 63' lang='lat' dir='ltr'>h.</span> <span class='ocrx_word' id='word_1_188' title='bbox 490 2292 552 2411; x_wconf 54' lang='lat' dir='ltr'>chhhl.¹</span> <span class='ocrx_word' id='word_1_189' title='bbox 570 2291 747 2410; x_wconf 48' lang='lat' dir='ltr'>hylus-hrum</span> <span class='ocrx_word' id='word_1_190' title='bbox 765 2289 907 2456; x_wconf 49' lang='grc' dir='ltr'><em>αυῖζιὶοῑα</em></span> <span class='ocrx_word' id='word_1_191' title='bbox 923 2339 1077 2404; x_wconf 79' lang='lat' dir='ltr'>attdinmus,</span> 
     </span>
     <span class='ocr_line' id='line_1_25' title="bbox 86 2407 1076 2478; baseline 0.001 -19"><span class='ocrx_word' id='word_1_192' title='bbox 86 2416 140 2459; x_wconf 84' lang='lat' dir='ltr'>aut</span> <span class='ocrx_word' id='word_1_193' title='bbox 156 2408 289 2476; x_wconf 61' lang='lat' dir='ltr'>scraptum</span> <span class='ocrx_word' id='word_1_194' title='bbox 308 2407 418 2478; x_wconf 81' lang='lat' dir='ltr'>aliquid</span> <span class='ocrx_word' id='word_1_195' title='bbox 434 2409 564 2476; x_wconf 80' lang='lat' dir='ltr'>legumus.</span> <span class='ocrx_word' id='word_1_196' title='bbox 582 2409 644 2458; x_wconf 92' lang='lat' dir='ltr'>Scio</span> <span class='ocrx_word' id='word_1_197' title='bbox 664 2409 691 2456; x_wconf 91' lang='lat' dir='ltr'>in</span> <span class='ocrx_word' id='word_1_198' title='bbox 711 2407 821 2459; x_wconf 85' lang='lat' dir='ltr'>editioni</span> <span class='ocrx_word' id='word_1_199' title='bbox 843 2424 872 2456; x_wconf 88' lang='lat' dir='ltr'>ns</span> <span class='ocrx_word' id='word_1_200' title='bbox 891 2410 1076 2475; x_wconf 78' lang='lat' dir='ltr'>plerisqnere-</span> 
     </span>
     <span class='ocr_line' id='line_1_26' title="bbox 84 2473 1078 2554; baseline 0.003 -30"><span class='ocrx_word' id='word_1_201' title='bbox 84 2475 205 2546; x_wconf 87' lang='lat' dir='ltr'>positum</span> <span class='ocrx_word' id='word_1_202' title='bbox 223 2474 306 2525; x_wconf 81' lang='lat' dir='ltr'>fuisse</span> <span class='ocrx_word' id='word_1_203' title='bbox 326 2478 455 2546; x_wconf 66' lang='lat' dir='ltr'>scriptum</span> <span class='ocrx_word' id='word_1_204' title='bbox 473 2473 591 2547; x_wconf 84' lang='lat' dir='ltr'>aliquod</span> <span class='ocrx_word' id='word_1_205' title='bbox 604 2491 653 2554; x_wconf 81' lang='lat' dir='ltr'>pro</span> <span class='ocrx_word' id='word_1_206' title='bbox 669 2476 797 2543; x_wconf 81' lang='lat' dir='ltr'>scriptum</span> <span class='ocrx_word' id='word_1_207' title='bbox 812 2474 936 2542; x_wconf 80' lang='lat' dir='ltr'>aliquid:</span> <span class='ocrx_word' id='word_1_208' title='bbox 947 2474 1001 2525; x_wconf 85' lang='lat' dir='ltr'>Sed</span> <span class='ocrx_word' id='word_1_209' title='bbox 1010 2475 1078 2528; x_wconf 84' lang='lat' dir='ltr'>hanc</span> 
     </span>
     <span class='ocr_line' id='line_1_27' title="bbox 83 2543 1076 2611; baseline -0.001 -15"><span class='ocrx_word' id='word_1_210' title='bbox 83 2543 247 2608; x_wconf 88' lang='lat' dir='ltr'>lectionem,</span> <span class='ocrx_word' id='word_1_211' title='bbox 286 2559 347 2596; x_wconf 87' lang='lat' dir='ltr'>uam</span> <span class='ocrx_word' id='word_1_212' title='bbox 371 2560 404 2595; x_wconf 86' lang='lat' dir='ltr'>ex</span> <span class='ocrx_word' id='word_1_213' title='bbox 421 2546 501 2611; x_wconf 81' lang='lat' dir='ltr'>longe</span> <span class='ocrx_word' id='word_1_214' title='bbox 524 2544 656 2594; x_wconf 74' lang='lat' dir='ltr'>rarissima</span> <span class='ocrx_word' id='word_1_215' title='bbox 672 2559 783 2611; x_wconf 83' lang='lat' dir='ltr'>operum</span> <span class='ocrx_word' id='word_1_216' title='bbox 803 2543 921 2591; x_wconf 92' lang='lat' dir='ltr'>omnium</span> <span class='ocrx_word' id='word_1_217' title='bbox 940 2545 1076 2595; x_wconf 85' lang='lat' dir='ltr'>Ciceronis</span> 
     </span>
     <span class='ocr_line' id='line_1_28' title="bbox 85 2561 1115 2678; baseline -0.004 -14"><span class='ocrx_word' id='word_1_218' title='bbox 85 2611 207 2664; x_wconf 82' lang='lat' dir='ltr'>editione</span> <span class='ocrx_word' id='word_1_219' title='bbox 224 2561 418 2666; x_wconf 62' lang='lat' dir='ltr'>Mediolanensi</span> <span class='ocrx_word' id='word_1_220' title='bbox 441 2628 483 2662; x_wconf 86' lang='lat' dir='ltr'>an.</span> <span class='ocrx_word' id='word_1_221' title='bbox 511 2610 584 2677; x_wconf 69' lang='lat'>1498.</span> <span class='ocrx_word' id='word_1_222' title='bbox 609 2608 682 2676; x_wconf 71' lang='lat'><strong>¹499·</strong></span> <span class='ocrx_word' id='word_1_223' title='bbox 706 2607 739 2660; x_wconf 85' lang='lat' dir='ltr'>ad</span> <span class='ocrx_word' id='word_1_224' title='bbox 763 2609 924 2678; x_wconf 84' lang='lat' dir='ltr'>optimorum</span> <span class='ocrx_word' id='word_1_225' title='bbox 944 2610 1076 2662; x_wconf 79' lang='lat' dir='ltr'>Codicum</span> <span class='ocrx_word' id='word_1_226' title='bbox 1106 2649 1115 2660; x_wconf 75' lang='grc'><em>,</em></span> 
     </span>
     <span class='ocr_line' id='line_1_29' title="bbox 84 2676 1075 2749; baseline -0.002 -17"><span class='ocrx_word' id='word_1_227' title='bbox 84 2679 167 2732; x_wconf 82' lang='lat' dir='ltr'>fidem</span> <span class='ocrx_word' id='word_1_228' title='bbox 184 2688 326 2745; x_wconf 82' lang='lat' dir='ltr'>accurata,</span> <span class='ocrx_word' id='word_1_229' title='bbox 353 2681 462 2749; x_wconf 85' lang='lat' dir='ltr'>excepi,</span> <span class='ocrx_word' id='word_1_230' title='bbox 487 2695 576 2731; x_wconf 87' lang='lat' dir='ltr'>sanam</span> <span class='ocrx_word' id='word_1_231' title='bbox 600 2695 656 2730; x_wconf 84' lang='lat' dir='ltr'>esse</span> <span class='ocrx_word' id='word_1_232' title='bbox 679 2686 754 2747; x_wconf 87' lang='lat' dir='ltr'>puto.</span> <span class='ocrx_word' id='word_1_233' title='bbox 788 2676 892 2728; x_wconf 80' lang='lat' dir='ltr'>Addam</span> <span class='ocrx_word' id='word_1_234' title='bbox 911 2681 988 2730; x_wconf 82' lang='lat' dir='ltr'>ctiam</span> <span class='ocrx_word' id='word_1_235' title='bbox 1009 2679 1075 2730; x_wconf 89' lang='lat' dir='ltr'>illud</span> 
     </span>
     <span class='ocr_line' id='line_1_30' title="bbox 82 2747 1074 2817; baseline -0.002 -19"><span class='ocrx_word' id='word_1_236' title='bbox 82 2754 240 2817; x_wconf 56' lang='lat' dir='ltr'>praetorem</span> <span class='ocrx_word' id='word_1_237' title='bbox 270 2747 344 2814; x_wconf 90' lang='lat' dir='ltr'>quod</span> <span class='ocrx_word' id='word_1_238' title='bbox 359 2749 440 2800; x_wconf 78' lang='lat' dir='ltr'>verba</span> <span class='ocrx_word' id='word_1_239' title='bbox 458 2748 573 2799; x_wconf 86' lang='lat' dir='ltr'>Phaedri</span> <span class='ocrx_word' id='word_1_240' title='bbox 588 2749 627 2799; x_wconf 88' lang='lat' dir='ltr'>sic</span> <span class='ocrx_word' id='word_1_241' title='bbox 645 2747 771 2815; x_wconf 82' lang='lat' dir='ltr'>explicari</span> <span class='ocrx_word' id='word_1_242' title='bbox 788 2754 912 2814; x_wconf 85' lang='lat' dir='ltr'>possunt:</span> <span class='ocrx_word' id='word_1_243' title='bbox 943 2749 983 2798; x_wconf 87' lang='lat' dir='ltr'>Ne</span> <span class='ocrx_word' id='word_1_244' title='bbox 1000 2748 1074 2797; x_wconf 87' lang='lat' dir='ltr'>Libi-</span> 
     </span>
     <span class='ocr_line' id='line_1_31' title="bbox 81 2812 1074 2934; baseline 0.002 -68"><span class='ocrx_word' id='word_1_245' title='bbox 81 2817 172 2934; x_wconf 61' lang='lat' dir='ltr'>tilnarii</span> <span class='ocrx_word' id='word_1_246' title='bbox 195 2812 296 2882; x_wconf 85' lang='lat' dir='ltr'>aliquid</span> <span class='ocrx_word' id='word_1_247' title='bbox 314 2813 348 2868; x_wconf 87' lang='lat' dir='ltr'>de</span> <span class='ocrx_word' id='word_1_248' title='bbox 365 2825 410 2869; x_wconf 88' lang='lat' dir='ltr'>tua</span> <span class='ocrx_word' id='word_1_249' title='bbox 427 2817 542 2887; x_wconf 79' lang='lat' dir='ltr'>pecunia</span> <span class='ocrx_word' id='word_1_250' title='bbox 559 2817 656 2868; x_wconf 81' lang='lat' dir='ltr'>faciant</span> <span class='ocrx_word' id='word_1_251' title='bbox 673 2819 794 2880; x_wconf 83' lang='lat' dir='ltr'>lucrum,</span> <span class='ocrx_word' id='word_1_252' title='bbox 811 2815 838 2866; x_wconf 91' lang='lat' dir='ltr'>id</span> <span class='ocrx_word' id='word_1_253' title='bbox 856 2822 912 2882; x_wconf 89' lang='lat' dir='ltr'>est,</span> <span class='ocrx_word' id='word_1_254' title='bbox 929 2817 956 2866; x_wconf 90' lang='lat' dir='ltr'>in</span> <span class='ocrx_word' id='word_1_255' title='bbox 968 2817 1074 2868; x_wconf 87' lang='lat' dir='ltr'>lucrum</span> 
     </span>
     <span class='ocr_line' id='line_1_32' title="bbox 79 2885 261 2936; baseline 0.005 -2"><span class='ocrx_word' id='word_1_256' title='bbox 79 2885 102 2934; x_wconf 84' lang='lat' dir='ltr'>ei</span> <span class='ocrx_word' id='word_1_257' title='bbox 124 2885 261 2936; x_wconf 74' lang='lat' dir='ltr'>inertant.</span> 
     </span>
    </p>
   </div>
   <div class='ocr_carea' id='block_1_5' title="bbox 227 3029 923 3128">
    <p class='ocr_par' dir='ltr' id='par_1_10' title="bbox 227 3029 923 3128">
     <span class='ocr_line' id='line_1_33' title="bbox 227 3029 923 3128; baseline 0.003 -37"><span class='ocrx_word' id='word_1_258' title='bbox 227 3030 305 3094; x_wconf 78' lang='lat' dir='ltr'>Fau.</span> <span class='ocrx_word' id='word_1_259' title='bbox 329 3031 397 3094; x_wconf 88' lang='lat' dir='ltr'>XX.</span> <span class='ocrx_word' id='word_1_260' title='bbox 421 3033 461 3097; x_wconf 85' lang='lat' dir='ltr'>V.</span> <span class='ocrx_word' id='word_1_261' title='bbox 487 3055 512 3094; x_wconf 88' lang='grc' dir='ltr'>ι.</span> <span class='ocrx_word' id='word_1_262' title='bbox 533 3029 619 3122; x_wconf 79' lang='lat' dir='ltr'>Quid</span> <span class='ocrx_word' id='word_1_263' title='bbox 641 3031 780 3128; x_wconf 83' lang='lat' dir='ltr'>iudicare</span> <span class='ocrx_word' id='word_1_264' title='bbox 803 3032 923 3116; x_wconf 83' lang='lat' dir='ltr'>cogitet</span> 
     </span>
    </p>
   </div>
   <div class='ocr_carea' id='block_1_6' title="bbox 78 3150 1070 3406">
    <p class='ocr_par' dir='ltr' id='par_1_11' title="bbox 78 3150 1070 3406">
     <span class='ocr_line' id='line_1_34' title="bbox 79 3150 1069 3222; baseline 0.004 -20"><span class='ocrx_word' id='word_1_265' title='bbox 79 3150 206 3217; x_wconf 81' lang='lat' dir='ltr'>Rigaltius</span> <span class='ocrx_word' id='word_1_266' title='bbox 224 3151 252 3200; x_wconf 83' lang='lat' dir='ltr'>ih</span> <span class='ocrx_word' id='word_1_267' title='bbox 268 3169 316 3204; x_wconf 88' lang='lat' dir='ltr'>sua</span> <span class='ocrx_word' id='word_1_268' title='bbox 335 3151 452 3205; x_wconf 84' lang='lat' dir='ltr'>editione</span> <span class='ocrx_word' id='word_1_269' title='bbox 469 3155 557 3222; x_wconf 86' lang='lat' dir='ltr'>prima</span> <span class='ocrx_word' id='word_1_270' title='bbox 581 3156 697 3220; x_wconf 77' lang='lat' dir='ltr'>notauit,</span> <span class='ocrx_word' id='word_1_271' title='bbox 723 3157 774 3222; x_wconf 82' lang='lat' dir='ltr'>legi</span> <span class='ocrx_word' id='word_1_272' title='bbox 799 3154 826 3204; x_wconf 90' lang='lat' dir='ltr'>in</span> <span class='ocrx_word' id='word_1_273' title='bbox 843 3153 945 3204; x_wconf 85' lang='lat' dir='ltr'>Codice</span> <span class='ocrx_word' id='word_1_274' title='bbox 960 3152 1069 3206; x_wconf 88' lang='lat' dir='ltr'>Pithoe-</span> 
     </span>
     <span class='ocr_line' id='line_1_35' title="bbox 78 3221 1070 3291; baseline 0.004 -21"><span class='ocrx_word' id='word_1_275' title='bbox 78 3237 133 3271; x_wconf 81' lang='lat' dir='ltr'>ano</span> <span class='ocrx_word' id='word_1_276' title='bbox 153 3221 277 3285; x_wconf 77' lang='lat' dir='ltr'>cogitur,</span> <span class='ocrx_word' id='word_1_277' title='bbox 293 3238 349 3274; x_wconf 90' lang='lat' dir='ltr'>non</span> <span class='ocrx_word' id='word_1_278' title='bbox 368 3224 486 3290; x_wconf 78' lang='lat' dir='ltr'>cogitet,</span> <span class='ocrx_word' id='word_1_279' title='bbox 505 3221 577 3289; x_wconf 89' lang='lat' dir='ltr'>quod</span> <span class='ocrx_word' id='word_1_280' title='bbox 594 3221 678 3273; x_wconf 86' lang='lat' dir='ltr'>edidit</span> <span class='ocrx_word' id='word_1_281' title='bbox 696 3224 751 3291; x_wconf 86' lang='lat' dir='ltr'>ipse</span> <span class='ocrx_word' id='word_1_282' title='bbox 769 3222 894 3272; x_wconf 87' lang='lat' dir='ltr'>Pithoeus</span> <span class='ocrx_word' id='word_1_283' title='bbox 903 3223 1016 3273; x_wconf 84' lang='lat' dir='ltr'>Loctore</span> <span class='ocrx_word' id='word_1_284' title='bbox 1029 3225 1070 3274; x_wconf 64' lang='lat' dir='ltr'>ni*</span> 
     </span>
     <span class='ocr_line' id='line_1_36' title="bbox 78 3287 1067 3406; baseline 0.004 -69"><span class='ocrx_word' id='word_1_285' title='bbox 78 3288 116 3337; x_wconf 89' lang='lat' dir='ltr'>hil</span> <span class='ocrx_word' id='word_1_286' title='bbox 134 3287 282 3338; x_wconf 85' lang='lat' dir='ltr'>admonita.</span> <span class='ocrx_word' id='word_1_287' title='bbox 306 3292 373 3341; x_wconf 68' lang='lat' dir='ltr'>*Nos</span> <span class='ocrx_word' id='word_1_288' title='bbox 391 3299 479 3342; x_wconf 73' lang='lat' dir='ltr'>auitum</span> <span class='ocrx_word' id='word_1_289' title='bbox 497 3289 589 3340; x_wconf 88' lang='lat' dir='ltr'>docuit</span> <span class='ocrx_word' id='word_1_290' title='bbox 607 3291 727 3406; x_wconf 49' lang='lat' dir='ltr'>Egistola</span> <span class='ocrx_word' id='word_1_291' title='bbox 746 3291 831 3340; x_wconf 83' lang='lat' dir='ltr'>Remis</span> <span class='ocrx_word' id='word_1_292' title='bbox 849 3288 882 3340; x_wconf 89' lang='lat' dir='ltr'>ad</span> <span class='ocrx_word' id='word_1_293' title='bbox 896 3290 1067 3340; x_wconf 78' lang='lat' dir='ltr'>Vavassorom</span> 
     </span>
    </p>
   </div>
   <div class='ocr_carea' id='block_1_7' title="bbox 78 3357 1165 3424">
    <p class='ocr_par' dir='ltr' id='par_1_12' title="bbox 78 3357 1165 3424">
     <span class='ocr_line' id='line_1_37' title="bbox 78 3357 1165 3424; baseline 0.004 -18"><span class='ocrx_word' id='word_1_294' title='bbox 78 3357 173 3420; x_wconf 83' lang='lat' dir='ltr'>missa,</span> <span class='ocrx_word' id='word_1_295' title='bbox 198 3357 251 3420; x_wconf 83' lang='lat' dir='ltr'>legi</span> <span class='ocrx_word' id='word_1_296' title='bbox 268 3357 391 3410; x_wconf 86' lang='lat' dir='ltr'>similiter</span> <span class='ocrx_word' id='word_1_297' title='bbox 407 3359 519 3424; x_wconf 78' lang='lat' dir='ltr'>cogitur</span> <span class='ocrx_word' id='word_1_298' title='bbox 537 3359 565 3407; x_wconf 91' lang='lat' dir='ltr'>in</span> <span class='ocrx_word' id='word_1_299' title='bbox 583 3358 622 3408; x_wconf 91' lang='lat' dir='ltr'>Co</span> <span class='ocrx_word' id='word_1_300' title='bbox 644 3359 685 3410; x_wconf 87' lang='lat' dir='ltr'>icc</span> <span class='ocrx_word' id='word_1_301' title='bbox 703 3359 833 3410; x_wconf 78' lang='lat' dir='ltr'>Romensi.</span> <span class='ocrx_word' id='word_1_302' title='bbox 867 3357 954 3422; x_wconf 86' lang='lat' dir='ltr'>Quam</span> <span class='ocrx_word' id='word_1_303' title='bbox 971 3360 1067 3409; x_wconf 81' lang='lat' dir='ltr'>lcctia·</span> <span class='ocrx_word' id='word_1_304' title='bbox 1157 3397 1165 3410; x_wconf 91' lang='lat'><strong>.</strong></span> 
     </span>
    </p>
   </div>
   <div class='ocr_carea' id='block_1_8' title="bbox 77 3419 1067 3636">
    <p class='ocr_par' dir='ltr' id='par_1_13' title="bbox 77 3419 1067 3636">
     <span class='ocr_line' id='line_1_38' title="bbox 77 3419 1066 3496; baseline 0.006 -24"><span class='ocrx_word' id='word_1_305' title='bbox 77 3431 139 3475; x_wconf 87' lang='lat' dir='ltr'>neni</span> <span class='ocrx_word' id='word_1_306' title='bbox 157 3424 179 3474; x_wconf 84' lang='lat' dir='ltr'>si</span> <span class='ocrx_word' id='word_1_307' title='bbox 197 3423 255 3491; x_wconf 88' lang='lat' dir='ltr'>quis</span> <span class='ocrx_word' id='word_1_308' title='bbox 272 3426 382 3478; x_wconf 81' lang='lat' dir='ltr'>retineri</span> <span class='ocrx_word' id='word_1_309' title='bbox 399 3419 476 3490; x_wconf 73' lang='lat' dir='ltr'>colii,</span> <span class='ocrx_word' id='word_1_310' title='bbox 503 3427 588 3476; x_wconf 82' lang='lat' dir='ltr'>oratio</span> <span class='ocrx_word' id='word_1_311' title='bbox 606 3425 721 3478; x_wconf 83' lang='lat' dir='ltr'>Phaedri</span> <span class='ocrx_word' id='word_1_312' title='bbox 741 3427 782 3478; x_wconf 85' lang='lat' dir='ltr'>sio</span> <span class='ocrx_word' id='word_1_313' title='bbox 802 3426 903 3496; x_wconf 86' lang='lat' dir='ltr'>poterit</span> <span class='ocrx_word' id='word_1_314' title='bbox 925 3426 1066 3492; x_wconf 84' lang='lat' dir='ltr'>explicari:</span> 
     </span>
     <span class='ocr_line' id='line_1_39' title="bbox 78 3490 1067 3562; baseline 0.003 -23"><span class='ocrx_word' id='word_1_315' title='bbox 78 3492 217 3558; x_wconf 83' lang='lat' dir='ltr'>Intelligo,</span> <span class='ocrx_word' id='word_1_316' title='bbox 239 3491 303 3560; x_wconf 89' lang='lat' dir='ltr'>quid</span> <span class='ocrx_word' id='word_1_317' title='bbox 322 3493 374 3559; x_wconf 87' lang='lat' dir='ltr'>sit,</span> <span class='ocrx_word' id='word_1_318' title='bbox 391 3494 465 3562; x_wconf 90' lang='lat' dir='ltr'>quod</span> <span class='ocrx_word' id='word_1_319' title='bbox 483 3493 600 3546; x_wconf 83' lang='lat' dir='ltr'>iudicare</span> <span class='ocrx_word' id='word_1_320' title='bbox 619 3492 653 3548; x_wconf 92' lang='lat' dir='ltr'>de</span> <span class='ocrx_word' id='word_1_321' title='bbox 672 3495 736 3547; x_wconf 82' lang='lat' dir='ltr'>mois</span> <span class='ocrx_word' id='word_1_322' title='bbox 755 3490 859 3546; x_wconf 83' lang='lat' dir='ltr'>sabellis</span> <span class='ocrx_word' id='word_1_323' title='bbox 875 3494 980 3559; x_wconf 80' lang='lat' dir='ltr'>cogitur</span> <span class='ocrx_word' id='word_1_324' title='bbox 997 3494 1067 3542; x_wconf 86' lang='lat' dir='ltr'>Invi-</span> 
     </span>
     <span class='ocr_line' id='line_1_40' title="bbox 77 3557 1064 3636; baseline 0.003 -27"><span class='ocrx_word' id='word_1_325' title='bbox 77 3557 134 3610; x_wconf 89' lang='lat' dir='ltr'>dus.</span> <span class='ocrx_word' id='word_1_326' title='bbox 169 3563 256 3628; x_wconf 86' lang='lat' dir='ltr'>Atque</span> <span class='ocrx_word' id='word_1_327' title='bbox 274 3569 348 3615; x_wconf 87' lang='lat' dir='ltr'>certe</span> <span class='ocrx_word' id='word_1_328' title='bbox 367 3561 452 3614; x_wconf 77' lang='lat' dir='ltr'>laridi</span> <span class='ocrx_word' id='word_1_329' title='bbox 469 3571 599 3632; x_wconf 84' lang='lat' dir='ltr'>coguntur</span> <span class='ocrx_word' id='word_1_330' title='bbox 617 3563 737 3618; x_wconf 83' lang='lat' dir='ltr'>iudicare</span> <span class='ocrx_word' id='word_1_331' title='bbox 764 3565 869 3636; x_wconf 86' lang='lat' dir='ltr'>potius,</span> <span class='ocrx_word' id='word_1_332' title='bbox 894 3577 974 3629; x_wconf 85' lang='lat' dir='ltr'>quam</span> <span class='ocrx_word' id='word_1_333' title='bbox 995 3560 1064 3612; x_wconf 90' lang='lat' dir='ltr'>iudi·</span> 
     </span>
    </p>
   </div>
   <div class='ocr_carea' id='block_1_9' title="bbox 123 3661 863 3736">
    <p class='ocr_par' dir='ltr' id='par_1_14' title="bbox 123 3661 863 3736">
     <span class='ocr_line' id='line_1_41' title="bbox 123 3661 863 3736; baseline 0.007 -23"><span class='ocrx_word' id='word_1_334' title='bbox 123 3661 266 3718; x_wconf 79' lang='lat' dir='ltr'>Phaedrus.</span> <span class='ocrx_word' id='word_1_335' title='bbox 843 3671 863 3736; x_wconf 85' lang='lat'>9</span> 
     </span>
    </p>
   </div>
   <div class='ocr_carea' id='block_1_10' title="bbox 0 0 1310 4002">
    <p class='ocr_par' dir='ltr' id='par_1_15' title="bbox 0 0 1310 4002">
     <span class='ocr_line' id='line_1_42' title="bbox 0 0 1310 4002; baseline 0 6"><span class='ocrx_word' id='word_1_336' title='bbox 0 0 1310 4002; x_wconf 95' lang='lat' dir='ltr'> </span> 
     </span>
    </p>
   </div>
  </div>
 </body>
</html>
