2610 4002
539 456 685 498 ruerunt
713 451 864 516 ruerunt

529 651 533 656 .
630 620 707 664 rau.
729 599 779 660 111.
837 631 840 638 <

423 727 617 786 MERCURIUS
635 729 680 779 ET
696 725 788 779 DUAE
806 725 983 780 MULIERES.

507 851 552 911 De
575 847 673 910 eodem
694 849 757 909 ulia
769 848 898 928 sabella.

207 988 401 1050 Mercurium
423 986 481 1047 hos
504 985 560 1046 itio
583 982 732 1048 mulieres
755 983 830 1045 clim
850 983 932 1045 duae

206 1067 355 1130 Illiberali
375 1078 409 1128 et
429 1008 559 1128 sordido
579 1078 785 1146 receperant3

242 1171 353 1209 uarum
375 1169 436 1209 una
455 1148 487 1208 in
507 1147 593 1208 cunis
613 1167 747 1230 parrum
770 1143 909 1206 habehat
927 1140 1041 1220 filium,

243 1241 368 1291 uae'stus
388 1227 534 1312 placebat
554 1226 644 1286 alteri
664 1225 872 1288 meretricius.

207 1311 315 1404 Ergo,
334 1319 371 1386 ut
390 1307 532 1370 referret
551 1307 684 1388 gratiam
704 1304 817 1368 officiis
836 1323 965 1386 parem,

62 1455 67 1464 ,
143 1410 150 1421 ’
176 1463 177 1468 ¹
206 1389 378 1467 Abiturus,
402 1400 436 1449 et
456 1389 517 1448 iam
536 1387 632 1446 limen
656 1387 829 1462 excedens,
856 1385 914 1446 ait:

206 1469 313 1530 Deum
333 1468 464 1546 videtis3
484 1467 622 1527 tribuam
643 1466 734 1528 vobis
753 1467 915 1548 protinus,

110 1599 118 1608 .
207 1549 304 1628 Quod
325 1569 469 1633 quaeque
488 1548 619 1628 optarit.
657 1549 764 1609 Mater'
779 1544 935 1629 supplicat
953 1563 1080 1626 rogans,

206 1629 380 1694 Barbatum
405 1641 441 1690 ut
461 1628 566 1691 videat
585 1639 693 1688 natum
714 1648 814 1712 quam.
851 1625 965 1686 rimum
986 1645 1098 1703 suum3

205 1710 356 1787 Moecha,
374 1723 410 1771 ut
430 1722 583 1795 sequatur
605 1728 677 1771 sese
697 1647 848 1849 quicquid
871 1705 1025 1787 tetigerit.
1172 1727 1210 1770 ro

207 1789 303 1854 Volat
323 1792 510 1853 Mercurius.
549 1791 635 1850 Intro
659 1810 696 1850 re
721 1801 796 1849 eunt
816 1786 975 1848 mulieres.

205 1872 361 1933 Barbatus
382 1871 499 1948 infans,
520 1889 612 1948 ecce,
635 1869 757 1954 vagitus
779 1868 851 1930 ciet.

206 1953 282 2014 Ideo
304 1974 402 2035 quum
421 1951 508 2014 forte
528 1951 679 2012 meretrix
699 1949 826 2012 rideret
841 1943 992 2022 validius,

205 2034 305 2093 Nares
325 2033 462 2114 replevit
485 2033 616 2109 humor,
633 2043 670 2092 ut
689 2027 759 2091 lieri
780 2029 871 2090 tolet.

206 2111 388 2192 Emungere
408 2113 505 2193 igitur
525 2133 559 2172 se
580 2110 708 2185 velena,
728 2109 856 2192 prendit
875 2127 969 2168 manu
1166 2105 1206 2168 15

206 2188 379 2272 Traxitque
403 2192 442 2251 ad
462 2202 580 2252 terram
599 2189 666 2250 nasi
686 2189 932 2272 longitudinem,

205 2269 250 2334 Et
273 2267 363 2330 aliam
383 2269 507 2349 ridens,
529 2270 595 2353 ipsa
615 2267 748 2342 ridenda
766 2268 917 2334 exstitit,

255 2487 324 2542 Fut.
341 2489 388 2555 111,
407 2506 437 2540 v.
458 2506 480 2542 ι.
499 2487 567 2539 Ccd.
584 2489 751 2540 Mercurium
766 2488 886 2560 bospitio
900 2489 1028 2541 mulieres
1044 2484 1125 2538 duae.
1141 2485 1202 2537 Ad-

205 2557 275 2610 didit
291 2558 406 2612 Cassitus
422 2557 492 2610 olum.
511 2558 653 2609 Iannellius
669 2557 844 2610 Mercurium
862 2557 1001 2630 quondum
1018 2553 1070 2606 bos
1090 2556 1121 2605 it.
1146 2563 1202 2607 etc.

204 2657 238 2670 ·-
255 2645 284 2679 v.
299 2628 324 2678 8.
343 2626 411 2678 Cod.
429 2625 526 2677 Mater
539 2627 676 2694 supplicat
693 2644 755 2677 ro..
775 2627 914 2696 Supplevit
927 2626 1052 2688 causitus,
1069 2575 1202 2675 betbius:

205 2696 367 2767 suppliciter
382 2706 473 2762 rogat.
489 2721 521 2732 -
533 2710 564 2748 v.
583 2711 621 2746 11.
642 2693 723 2745 Velut
738 2693 806 2745 Cod.
826 2712 912 2764 neque
929 2693 981 2746 hcc
990 2694 1094 2744 Cassito
1114 2691 1200 2743 debe·

204 2772 264 2832 tur3
282 2781 336 2816 non
353 2765 434 2831 igitur
451 2779 519 2832 opus
536 2770 576 2814 est
592 2764 754 2814 coniecturis
772 2763 859 2815 Bothii
881 2763 965 2813 Vetat
977 2762 1064 2813 Marc.
1075 2769 1118 2811 aut
1129 2759 1201 2810 llan-

205 2833 242 2884 dii
265 2835 348 2884 Voret
361 2831 451 2884 Merc.
469 2858 502 2870 -·
523 2847 552 2882 v.
579 2831 618 2883 13.
637 2829 705 2881 Cod.
722 2829 759 2881 Id
770 2847 856 2900 quum
866 2829 949 2900 forte
970 2831 1102 2880 meretrix
1122 2825 1199 2877 ridet
1293 2829 1294 2832 ’

155 2929 156 2934 =
205 2900 322 2954 validius
329 2917 341 2963 ,·
359 2917 435 2952 versu
448 2915 502 2951 uua
516 2899 615 2968 syllaba
631 2900 737 2950 minori.
754 2897 870 2952 Cassitus
886 2898 952 2950 Ideo
969 2915 1059 2968 quum.
1070 2899 1125 2949 Noa
1135 2896 1198 2946 lan·

204 2972 316 3022 nellium
330 2970 414 3021 secuti
430 2984 527 3020 eumue.
546 2998 580 3009 —
596 2983 625 3017 v.
647 2963 685 3032 td.
702 2966 769 3018 Cod.
782 2969 812 3018 N
879 2966 1115 3036 reple...liumer.
1133 2965 1199 3014 Sar·
1293 2999 1294 3026 p

205 3038 238 3088 ait
256 3039 379 3090 Cassitue.
395 3035 597 3089 BothiuszIdec
612 3032 675 3085 dum
681 3033 761 3103 sorte
780 3037 910 3088 meretrix
922 3034 994 3087 ridet
1011 3033 1127 3085 validius
1138 3033 1198 3082 Nu·

204 3123 246 3157 res
260 3107 397 3176 replentur
410 3105 529 3156 humore.
544 3135 577 3146 -
590 3121 616 3154 v.
636 3104 674 3153 15.
695 3101 762 3154 cod.
780 3104 927 3158 secundum
941 3105 1120 3156 Burmannum
1128 3099 1198 3150 Em.

203 3184 282 3239 gutt.
292 3210 300 3225 .
311 3194 325 3225 s
335 3210 360 3226 ..
380 3173 471 3224 volens
485 3170 630 3242 prehendit
635 3189 646 3231 ;
661 3180 690 3223 ut
706 3173 763 3240 ipse
781 3173 907 3225 coniiciat
923 3173 1079 3239 Emungere
1099 3181 1198 3239 guttas

160 3267 164 3279 ι
205 3239 255 3290 sed
268 3242 359 3292 velens
372 3241 485 3310 prendit
498 3261 589 3294 manre.
624 3239 678 3291 Sed
694 3239 765 3309 apud
779 3243 936 3293 Iannellium
949 3240 1016 3292 haec
1034 3250 1074 3292 eet
1085 3238 1196 3292 Codicis

111 3345 117 3366 3
205 3309 286 3361 lectio
305 3309 334 3360 Ε
341 3345 348 3361 .
358 3315 366 3359 .’
373 3326 456 3375 regere
473 3349 480 3363 .
492 3328 512 3378 g
522 3348 529 3362 .
540 3346 547 3361 .
558 3349 564 3362 .
575 3331 588 3361 r
598 3346 621 3360 ..
634 3344 640 3358 .
651 3327 683 3357 us
694 3307 788 3362 ..ndu
803 3328 885 3361 mauu
903 3311 958 3362 Noa
970 3308 1100 3360 Caeritum
1111 3307 1196 3360 secuti

172 3380 176 3388 '
204 3395 301 3428 sumus.
321 3379 464 3430 lanuellius
482 3380 591 3432 coniicit
606 3378 651 3428 Ec
664 3387 780 3444 tangens
795 3379 884 3445 egitur
902 3395 930 3427 se
942 3375 1101 3447 imprudens
1112 3392 1195 3448 pren·

205 3443 248 3494 dit
262 3463 342 3499 manu
349 3463 360 3506 ,·
369 3444 534 3498 Eicbstadius
545 3448 699 3510 Emungere
708 3458 805 3512 guttas
819 3444 874 3494 sibi
883 3445 982 3496 volens.
992 3473 1026 3484 —
1035 3461 1063 3495 v.
1078 3461 1119 3511 17.
1127 3441 1195 3496 cod.

205 3511 244 3572 Et
265 3513 324 3566 ul..
341 3513 412 3567 uude
432 3513 546 3568 Caeeitue
564 3532 625 3566 cum
642 3511 771 3566 Ianncllio
789 3512 863 3565 dedit
879 3511 963 3566 alium
978 3513 1088 3568 Bothius
1103 3511 1194 3566 ulium·
