2678 3978
229 443 269 520 ὃς
534 453 681 496 euenum
708 457 907 500 FABULARUH

230 605 351 664 Intrare
373 599 400 660 si
418 601 578 660 Musarum
597 596 694 661 limen
715 599 844 683 cogitas.

229 686 319 766 Ego,
341 701 436 764 quern
458 679 566 741 Pierio
588 692 688 741 mater
711 680 800 740 enixa
821 694 869 741 est
889 681 985 764 iugo,

229 767 265 823 ln
286 784 349 847 quo
369 760 489 821 tonanti
514 769 619 820 sancta
638 762 840 840 Mnemosyne
860 762 946 838 lovi,

229 842 380 905 Fecunda
401 839 528 915 novies,
553 838 666 900 artium
686 841 812 922 peperit
835 841 985 921 chorum3

230 921 381 1004 Quamvis
404 921 436 980 in
456 920 523 1002 ipsa
542 929 631 979 natus
655 920 713 980 sim
733 939 834 1002 paene
854 922 979 998 schola,
1036 937 1038 946 ·

163 1035 166 1041 ·
231 1007 412 1085 Curamque
430 999 566 1060 habendi
585 1001 709 1080 penitus
734 999 833 1061 eo‘rde
856 1003 1022 1080 eraserim,

192 1115 194 1124 ⁴
230 1087 273 1146 Et
292 1086 385 1145 laude
405 1081 521 1142 invicta
540 1078 637 1140 vitam
654 1081 687 1140 in
710 1075 790 1141 hanc
809 1081 1022 1159 incubuerim,

229 1164 407 1226 Fastidiose
427 1173 534 1221 tamen
556 1159 588 1219 in
608 1173 734 1222 coetum
758 1161 906 1242 recipior.

231 1243 321 1330 Quid
338 1242 441 1305 credis
461 1240 506 1301 illi
525 1239 687 1316 accidere,
712 1241 766 1325 qui
789 1262 915 1324 magnas
937 1263 1017 1326 opes

229 1329 434 1407 Exaggerare
460 1321 584 1403 quaerit
608 1323 692 1381 omni
714 1321 836 1403 vigilia,

229 1408 337 1466 Docto
356 1399 461 1462 labo'ri
483 1401 576 1460 dulce
594 1422 792 1484 praeponens
812 1401 962 1463 lucrum?

230 1486 295 1546 Sed
316 1485 392 1560 iam,
417 1481 631 1564 quodcunque
652 1481 751 1541 fuerit
768 1482 819 1561 (ut
839 1483 1050 1558 dixit-Sinon,
1109 1495 1112 1499 “

228 1566 281 1626 Ad
304 1584 416 1646 regem
436 1583 534 1644 quum
556 1560 734 1622 Dardaniae
755 1562 929 1643 perductus
951 1562 1053 1643 foret)

228 1647 362 1706 Librum
382 1642 518 1704 exarabo
538 1643 668 1704 tertium
690 1642 810 1724 Aesopi
830 1643 920 1718 stilo,

228 1724 354 1786 Honori
376 1737 408 1784 et
430 1722 550 1784 meritis
570 1722 717 1783 dedicans
738 1722 827 1783 illum
847 1723 920 1782 tuis.

230 1809 335 1881 Quem
358 1805 384 1865 si
402 1807 509 1887 leges,
529 1802 673 1864 laetabor
680 1825 689 1881 3
714 1805 761 1864 sin
781 1815 886 1862 autem
906 1804 1023 1880 minus,

229 1887 400 1947 Habebunt
420 1895 524 1961 certe,
545 1905 608 1968 quo
630 1903 664 1943 se
687 1879 847 1943 oblectent
867 1885 999 1964 posteri.

228 1971 336 2044 Nunc,
356 1964 535 2026 fabularum
554 1985 611 2025 eur
632 1964 672 2024 sit
694 1963 856 2025 inventum
878 1985 992 2045 genus,

228 2047 328 2108 Brevi
348 2045 482 2105 docebo.
525 2043 669 2104 Servitus
691 2043 843 2118 obnoxia,

229 2127 329 2215 Quia,
352 2145 433 2207 quae
453 2122 599 2199 volebat,
620 2143 684 2181 non
704 2122 840 2183 audebat
861 2123 985 2203 dicere,

228 2206 376 2269 Allectus
396 2203 545 2284 proprios
570 2203 601 2262 in
620 2201 754 2263 fabellas
775 2204 952 2276 transtulit,

231 2284 486 2366 Calumniamque
510 2281 590 2343 fictis
613 2281 706 2342 elusit
726 2283 812 2345 iocis.
851 2283 854 2290 “

229 2369 301 2448 Ego
321 2364 403 2424 illius
420 2384 484 2456 pro
506 2364 616 2428 semita
639 2361 705 2423 feci
724 2363 825 2441 viam,

229 2450 272 2508 Et
291 2444 428 2527 cogitari
447 2445 555 2528 plura,
577 2464 671 2528 quam
692 2443 884 2528 reliquerat,

228 2530 263 2588 Iu
284 2526 493 2588 calamitatem
513 2524 652 2606 deligens
675 2529 829 2607 quaedam
848 2545 960 2590 meam.
1026 2537 1028 2552 '

230 2607 355 2697 Quodsi
375 2617 540 2684 accusator
560 2606 636 2665 alius
656 2605 768 2665 Seiano
789 2604 895 2684 foret,

388 2743 394 2752 ι

237 2762 420 2779 μ

1178 1685 1227 1792 Ι30

228 2854 308 2888 -nc
331 2838 372 2889 28.
397 2837 490 2886 Plures
514 2841 601 2882 metro
628 2831 782 2886 subventuri
808 2835 930 2887 ordinem
958 2835 1100 2885 verborum
1128 2845 1223 2887 contra

229 2905 317 2957 Codd.
335 2906 516 2954 immutarunt.
535 2903 637 2951 Tuetur
656 2900 744 2952 Codd.
762 2905 907 2958 lectionem
925 2904 1116 2968 Derbillonius,
1137 2905 1185 2954 etsi
1195 2906 1223 2953 in

230 2977 286 3026 eius
305 2972 424 3024 editione
443 2979 483 3020 est
498 2986 583 3038 paene
602 2970 651 3018 sim
670 2981 751 3020 natus
769 2972 869 3021 schola.
889 2972 941 3022 Vid
969 2970 1003 3020 ad
1022 2973 1089 3023 calc.
1110 2972 1135 3020 b.
1155 2972 1220 3022 edit.

229 3069 263 3081 ...
279 3058 308 3091 v,
327 3057 368 3091 22.
388 3037 475 3092 Codd.
495 3038 535 3086 Et
552 3035 633 3087 laruda
653 3039 740 3088 ιήνίῑη
759 3039 868 3089 abbane
884 3044 964 3090 vitum
979 3040 1154 3100 incubuerim,
1173 3041 1220 3090 ubi

228 3111 345 3188 primum
363 3109 390 3157 in
401 3106 487 3158 verbis
500 3107 581 3156 vasum
594 3105 758 3156 incubuerim
773 3117 886 3158 metrum
900 3109 1015 3171 laborat,
1034 3107 1131 3158 deinde
1140 3107 1221 3157 insule

230 3179 317 3227 ιιινιία
336 3174 480 3226 commodo
499 3191 577 3225 sensu
596 3183 677 3224 caret.
695 3177 869 3245 Transposnit
884 3178 964 3242 igitur
980 3175 1118 3227 Prascbius
1138 3177 1219 3227 vitum

228 3247 258 3297 in
275 3245 345 3294 barac
363 3243 486 3293 omnibus
503 3243 560 3294 lere
577 3243 766 3309 sequentibus3
792 3253 848 3293 tum
874 3262 965 3294 vocem
994 3245 1081 3294 insula
1099 3246 1143 3293 alii
1161 3245 1220 3296 aliis

229 3311 391 3365 coniecturis
408 3319 556 3361 tentarunt:
577 3327 624 3360 nos
643 3309 839 3362 Desbillonium
858 3313 940 3362 secuti
960 3328 1061 3378 snmns3
1087 3311 1219 3380 plurimae

230 3381 361 3433 editiones
379 3388 488 3429 auctore
508 3378 598 3430 Gudio
617 3377 697 3428 lurida
716 3381 808 3430 sardou.
821 3407 866 3434 ,-
893 3397 921 3429 v.
940 3381 981 3432 38.
1007 3381 1047 3431 Ita
1070 3380 1221 3430 emendavit

229 3449 351 3512 Gudius;
370 3445 456 3496 Codd.
477 3454 502 3495 et
520 3447 621 3513 primae
638 3445 705 3497 Edd.
723 3445 878 3515 Ego'illius
895 3465 981 3504 porro
1001 3451 1094 3498 saraim
1102 3446 1164 3514 fici
1179 3449 1219 3496 vi·

229 3534 281 3568 arn.
301 3512 338 3566 lix
356 3511 485 3579 Scioppio
504 3514 643 3577 Rigaltins:
662 3516 725 3582 Ego
743 3533 830 3584 porro
842 3515 979 3566 r'lliusetc.
999 3515 1159 3579 Scbeffems,
1175 3533 1218 3567 sc·

229 3592 327 3653 quante
344 3583 509 3642 Burmanno,
528 3582 591 3647 Ego
607 3597 695 3649 porro
714 3583 788 3634 illius
807 3582 992 3656 senu'tamficl
1008 3583 1086 3633 vrum.
