2610 4002
447 1039 781 1107 nnsortnomr

290 1204 337 1311 N
433 1191 511 1310 O*
593 1203 646 1308 T
738 1207 927 1308 ΑΕ

383 1416 456 1480 AD
496 1412 837 1480 PHAEDRUM.

510 1584 702 1602 m

513 1678 643 1740 LIBER
672 1679 695 1739 l.

389 1798 468 1864 Fah.
491 1799 513 1860 1.
535 1799 576 1868 V.
595 1808 626 1876 ἰ».
646 1799 817 1869 Prudentis

105 1898 178 1952 llaec
199 1901 311 1968 genuina
332 1900 410 1954 nobis
439 1904 492 1954 visa
513 1912 552 1957 est
576 1905 708 1959 Manuscri
729 1915 818 1956 torum
843 1900 967 1974 codicum
988 1903 1095 1968 Lectio;

105 1983 157 2036 pro
179 1985 231 2040 qua
246 1969 388 2037 Rigaltius‚
412 1979 439 2022 et
460 1974 504 2024 elii
522 1981 584 2041 post
603 1974 690 2042 ipsum
707 1924 799 2026 drttict
815 1980 1006 2040 reposuerunt,
1027 1987 1095 2040 pru·

105 2033 184 2088 denti
203 2037 270 2088 salso
292 2040 487 2106 existimantes,
509 2041 588 2096 vitam
602 2041 742 2111 prudentis
758 2057 813 2091 non
829 2055 906 2108 egere
918 2039 1038 2092 consilio.
1061 2037 1096 2090 tt

104 2104 222 2170 prudens
244 2105 288 2158 hie
302 2107 412 2174 intelligi
431 2107 527 2176 debet,
547 2126 602 2162 non
620 2111 642 2161 ie
660 2107 705 2182 qul
721 2109 833 2182 Sapiens
849 2116 905 2176 est,
925 2107 974 2160 ted
991 2108 1036 2177 qui
1046 2107 1093 2158 Su·

104 2171 202 2242 pientia
222 2175 262 2229 uti
283 2177 395 2234 consiliu
416 2174 521 2230 didicit.
923 2185 929 2200 '

422 2323 461 2392 V·
484 2327 515 2391 3.
534 2325 628 2390 fauce
647 2315 793 2412 impiolrn

78 2478 83 2485 ,
103 2423 231 2492 Rigaltius
253 2427 280 2478 in
301 2429 371 2480 notis
392 2429 427 2482 ad
447 2431 691 2484 Editionem‘sunm
710 2431 770 2481 anni
790 2428 863 2494 1617.
885 2428 926 2478 sic
942 2423 1030 2489 habet,
1052 2424 1092 2474 in-

103 2495 171 2560 quit,
186 2497 385 2547 vetustissimus
400 2497 486 2548 codex
497 2497 797 2550 liemonsiscEdiderot
813 2495 953 2554 Pithoeus,
958 2491 1026 2560 foce
1043 2493 1092 2540 im·

101 2563 197 2630 proba.
232 2565 326 2616 Lectio
347 2563 487 2618 pithoeani
508 2568 610 2619 codicis
627 2568 723 2616 merito
745 2562 855 2631 quidem
870 2565 970 2614 reiecta
988 2567 1042 2610 est:
1065 2567 1093 2608 at

101 2631 186 2682 miror
203 2649 218 2683 a
235 2633 336 2684 Critico
354 2637 445 2698 nullo,
467 2652 546 2704 quem
565 2635 673 2704 quidem
687 2633 819 2696 noverim,
839 2632 935 2682 tactam
948 2629 1004 2678 lani
1016 2626 1095 2692 Geb-¹

102 2696 179 2750 hardi
201 2701 365 2752 mentionem
387 2703 483 2768 suiese,
513 2705 558 2774 qui
585 2703 732 2754 lectionem
755 2701 828 2750 illam
849 2697 956 2752 Codicis
977 2697 1089 2746 Remen-

101 2767 153 2834 sie,
171 2785 249 2836 quom
266 2771 429 2838 recepimus,
449 2771 554 2824 duobus
572 2773 646 2822 annis
662 2771 749 2838 prius,
770 2785 851 2835 quam
868 2761 1090 2840 aRigtltiuediift

102 2845 156 2901 est,
179 2836 350 2888 coniiciendo
371 2839 519 2907 invenerat,
541 2849 571 2890 ut
593 2839 682 2890 videre
704 2839 768 2890 lieet
787 2839 815 2887 in
831 2838 911 2905 ipsine
929 2828 1090 2902 Crepundia

100 2905 162 2964 Lib,
183 2920 208 2956 u.
231 2921 289 2975 cup.
311 2905 337 2956 6.
358 2905 492 2961 Henoviee
512 2925 582 2960 enno
608 2909 681 2962 1615.
703 2908 735 2956 in'
751 2903 797 2971 ito
819 2904 928 2958 excusis.

257 3053 298 3121 V.
317 3052 347 3115 5·
368 3049 396 3116 ὁ.
416 3053 492 3121 mihi
511 3053 617 3117 fecisti
638 3075 749 3145 aquam
769 3089 809 3104 -··
827 3054 931 3116 Istam«

100 3153 230 3208 Veterum
241 3155 373 3212 Codicum
395 3167 421 3210 et
442 3160 588 3227 primaru·
609 3159 765 3213 Editionum
789 3161 931 3211 lectionem
952 3155 1086 3206 revocavi·

99 3241 172 3277 mue:
194 3241 273 3291 quam
293 3225 402 3292 quidem
423 3229 513 3279 nescio
533 3244 581 3280 cur
598 3228 738 3296 plerique,
757 3227 860 3294 uigilet
878 3226 1028 3292 exemplum
1044 3240 1087 3274 se·

100 3293 169 3356 cuti,
184 3293 342 3360 reiecerint,
363 3302 403 3360 et,
420 3313 486 3348 voce
500 3297 585 3348 Istam
600 3296 715 3360 subluto,
737 3289 1009 3364 reposuerintjircr'str'
1022 3290 1088 3344 milri

99 3387 133 3398 -
154 3361 276 3429 Aquam:
303 3363 351 3413 nisi
374 3364 447 3431 quod
467 3365 538 3416 forte
559 3380 685 3422 numeros
707 3361 759 3415 hoc
780 3371 860 3432 pacto
882 3359 984 3414 futuros
1006 3359 1086 3409 luisse

100 3427 181 3497 paulo
203 3429 337 3480 suaviores
358 3433 547 3501 reputaverint.
586 3431 622 3482 At
648 3431 670 3482 si
697 3448 791 3482 causae
813 3429 930 3482 mutendi
956 3430 1022 3479 tales
1043 3427 1084 3476 in·

100 3497 245 3563 valuerint,
267 3496 331 3564 quid
344 3500 461 3554 immune
477 3502 511 3550 ab
525 3501 641 3567 inquieta
655 3499 817 3552 criticorum
824 3498 951 3564 libidine,
968 3494 1083 3565 quidin-

101 3565 224 3618 riolabile
245 3565 311 3618 fider
333 3571 572 3640 manuscriptorum
588 3559 754 3640 praestabit?
