2610 4002
480 511 555 555 ran.
577 493 682 567 3.-4.

507 670 582 714 ras.
601 651 655 719 lV.

352 786 582 840 PROMETHEUS
608 789 655 840 ET
687 787 812 841 DOLUS.

382 902 429 964 De
438 907 568 966 ueritate
579 910 610 962 et
623 898 783 961 mendacio.

85 1038 175 1102 Olim
194 1033 405 1099 Prometheus
431 1035 548 1097 saeculi
567 1033 682 1119 figulus
704 1035 781 1100 novi

84 1121 183 1181 Creta
203 1119 309 1180 subtili
330 1116 507 1182 Veritatem
526 1114 668 1192 fecerat,

83 1201 130 1260 Ut
148 1200 216 1260 iura
238 1209 348 1281 posset
368 1196 451 1259 inter
473 1196 616 1258 homines
637 1196 786 1258 reddere.

82 1279 199 1341 Subito
221 1278 390 1340 arcessitus
413 1276 527 1338 nuncio
548 1276 652 1359 magni
672 1278 757 1339 lovis

83 1360 294 1422 Commendat
313 1355 474 1420 officinam
494 1355 600 1419 fallaci
619 1358 723 1435 Dolo,

82 1442 119 1500 ln
142 1439 334 1522 disciplinam
357 1458 460 1520 nuper
479 1458 575 1520 quem
595 1450 773 1518 receperat.

82 1519 164 1597 Hic,
187 1520 292 1581 studio
314 1537 479 1595 accensus,
500 1515 582 1578 facie
604 1517 806 1580 simulacrum
825 1521 911 1601 pari,

81 1601 155 1662 Una
178 1611 315 1678 statura,
334 1597 435 1659 simile
460 1609 493 1658 et
511 1596 661 1657 memhris
686 1598 848 1678 omnibus,

82 1683 173 1742 Dum
193 1691 317 1762 tempus
336 1677 463 1755 habuit,
484 1677 596 1739 callida
615 1673 704 1738 finxit
727 1699 831 1739 manu.

83 1759 183 1843 Quod
204 1780 307 1842 prope
326 1757 388 1820 iam
410 1769 514 1820 totum
535 1757 615 1818 mire
637 1779 733 1851 quum
753 1759 894 1840 positum
911 1757 1017 1840 foret,
1043 1781 1080 1823 ao

82 1845 204 1902 Lutum
227 1839 267 1900 ad
289 1837 452 1902 faciendos
471 1838 518 1899 illi
541 1835 663 1900 defecit
707 1838 793 1900 edes.

82 1920 183 1982 Redit
202 1919 371 2002 magister:
392 1939 456 2003 quo
476 1917 662 1980 festinanter
714 1919 801 1998 olus,

82 2003 175 2062 Metu
193 1999 339 2062 turbatus
361 1999 393 2060 in
417 2017 476 2060 suo
495 1999 578 2061 sedit
598 1999 681 2060 loco.

83 2082 201 2142 Mirans
224 2079 435 2141 Prometheus
455 2092 572 2141 tantam
592 2078 826 2142 similitudinem
878 2132 888 2146 ,

82 2160 241 2243 Propriae
264 2159 366 2222 videri
386 2159 487 2224 voluit
507 2161 583 2223 artis
603 2158 752 2243 gloriam:
812 2177 815 2186 ’

82 2245 96 2301 l
122 2242 186 2301 'tur
208 2239 331 2301 fornaci
348 2240 469 2322 pariter
489 2241 553 2302 duo
574 2241 660 2324 signa
679 2240 793 2303 intulit.

83 2264 210 2463 §idom
233 2321 393 2402 percoctis
415 2333 510 2404 atque
532 2321 639 2382 infuso
660 2341 674 2380 s
698 2320 790 2398 iritu,

118 2401 234 2464 odesto
256 2420 368 2482 gressu
389 2413 494 2463 sancta
513 2401 643 2462 incessit
701 2402 812 2480 eritas;

83 2485 129 2544 At
149 2494 261 2542 trunca
281 2478 410 2559 Species
430 2480 533 2542 haesit
551 2481 583 2540 in
606 2480 750 2561 vestigio.

85 2565 177 2623 Tunc
196 2559 277 2621 falsa
296 2559 401 2642 imago
424 2572 518 2645 atque
543 2559 650 2643 operis
673 2559 811 2621 furtivus
833 2559 924 2620 labor
1040 2579 1080 2624 ao

84 2641 284 2703 Mendacium
307 2640 499 2723 appellatum
522 2652 587 2720 est,
611 2638 699 2724 quod
718 2639 899 2724 nequiverit

84 2721 191 2792 Pedes
213 2720 351 2802 habere,
373 2719 468 2784 facile
488 2725 558 2806 quis
580 2721 776 2784 consisteret.

139 2973 207 3026 Fae.
222 2975 274 3041 tv,
292 2991 322 3026 v.
340 2974 444 3027 1.Cod.
463 2975 549 3027 seculi
561 2974 751 3046 novifigulus.
765 2973 922 3027 Emendavit
934 2977 1028 3027 (laesit.
1045 3004 1080 3016 -

86 3057 115 3092 v.
130 3059 155 3094 a.
173 3044 254 3094 Creta
269 3043 337 3095 Cod.
352 3051 421 3096 teste
434 3043 573 3095 lannellio.
590 3045 706 3096 Cassitus
717 3044 792 3094 Cura
805 3043 908 3096 subiit.
918 3075 951 3085 -
963 3061 993 3094 v.
1004 3047 1028 3097 3.
1039 3045 1080 3094 Ita

88 3109 157 3162 Cod.
175 3112 290 3163 Cassitus
306 3111 355 3163 Ed.
378 3113 425 3162 111.
441 3110 570 3165 mendose
595 3113 631 3163 Ut
645 3114 710 3165 iura
727 3121 841 3182 possent
862 3114 999 3164 veritatem
1016 3111 1079 3163 ued-

88 3175 152 3228 dere
159 3196 170 3240 ;
185 3180 268 3232 sedin
279 3179 328 3232 Ed.
348 3197 437 3233 veram
451 3181 559 3232 Codicis
571 3183 717 3233 lectionem
732 3184 949 3249 repraesentavit.
959 3209 994 3222 -
1008 3198 1038 3235 v.
1054 3198 1079 3248 7.

87 3245 128 3296 lta
144 3249 221 3316 plane
237 3248 305 3302 Cod.
321 3258 390 3302 teste
405 3251 546 3301 lannellio.
560 3277 593 3289 -
608 3267 637 3300 v.
658 3267 696 3300 aa.
709 3249 832 3300 Correxit
845 3249 921 3300 Both.
939 3249 1008 3300 Cod.
1028 3248 1079 3301 lle·

89 3311 129 3364 dit
142 3316 291 3383 Magister,
307 3335 362 3388 quo
368 3316 525 3387 festinante
538 3317 637 3369 Dolus.
647 3317 740 3368 Cassit.
755 3315 803 3367 Ed.
815 3316 860 3366 111.
873 3316 966 3368 Rediit
975 3319 1078 3386 magis·

90 3390 130 3432 ter
134 3401 145 3445 ‚·
164 3383 366 3454 quafistinans
382 3405 411 3437 re
421 3387 510 3438 Dolus
517 3403 529 3448 ‚·
541 3385 587 3437 sed
600 3388 627 3436 in
634 3387 682 3436 Ed.
691 3387 737 3437 IV.
752 3393 858 3436 secutus
868 3388 1090 3452 estlannellinm„

90 3451 133 3565 (pri
145 3453 226 3518 legit:
247 3451 337 3505 Rediit
351 3456 499 3524 magister,
507 3453 666 3525 festinante
681 3473 736 3524 quo
747 3453 846 3504 Dolus.
863 3482 896 3494 -
916 3472 945 3505 v.
969 3468 1010 3506 20.
1026 3456 1078 3505 Bo-

91 3523 100 3564 t
120 3519 159 3569 ius
174 3522 329 3572 coniectura
341 3523 414 3574 Hine
425 3521 513 3592 falsa.
529 3551 563 3563 -
579 3541 608 3577 v.
623 3540 652 3575 21
672 3532 699 3578 et
712 3539 753 3574 22.
769 3520 837 3574 God.
852 3531 920 3575 teste
936 3523 1077 3574 Iannellio:

91 3583 261 3643 Mendacium
276 3590 440 3661 appellatum
457 3604 508 3658 est,
526 3591 699 3664 quodne...
715 3590 800 3644 Pedes
812 3589 945 3664 haberes.
954 3627 961 3643 .
971 3591 1010 3642 .le
1020 3591 1078 3660 ipse
