2678 3978
440 473 507 516 mn.
528 453 586 530 111,
607 469 683 512 rin.
701 457 806 529 4—7.

127 615 232 694 Vide,
252 637 292 678 ne
315 616 432 680 dolone
451 615 569 680 collum
590 627 790 692 conpungem
809 609 875 672 tibi.

126 697 309 778 Respondit
332 697 400 759 illes
421 695 538 774 Verbis
561 697 626 752 non
648 709 783 750 moveor
803 689 883 768 tuis3

128 776 197 838 Sed
220 777 315 838 istum
336 779 452 856 timeo,
475 774 553 838 sella
574 771 629 856 qui
648 769 749 852 primu
769 767 884 832 sedens

126 858 242 940 Iugum
266 855 393 941 ilegello
416 864 574 939 temperat
594 853 681 912 iente
705 869 829 943 meum,

125 939 173 998 Et
195 958 252 1000 ora
276 937 376 1000 frenis
398 938 538 999 eontinet
558 927 783 1014 spumantibus.

126 1017 339 1156 Quapropter
355 1017 448 1080 aufer
466 1011 848 1106 frivolaminsolentiem:

70 1123 73 1133 ·
123 1099 224 1176 Nam,
245 1119 266 1157 u
288 1097 300 1158 i
320 1099 498 1159 tricandum
517 1106 550 1156 et
572 1094 628 1154 ubi
648 1091 843 1154 currendum
863 1106 929 1172 est,
950 1093 1026 1156 seio.

168 1179 237 1238 Hac
255 1177 396 1240 derideri
416 1178 525 1240 fabula
546 1172 662 1236 merito
683 1181 808 1252 potest,
1087 1195 1121 1236 ιο

124 1257 195 1344 Qui
215 1257 283 1320 sine
306 1260 425 1328 virtute
446 1275 541 1322 venes
565 1262 695 1316 exercet
716 1251 822 1312 mines.

523 1406 728 1423 ψ

540 1519 707 1604 naevii.

399 1676 555 1728 CANIS
591 1675 652 1726 ET
686 1671 855 1724 LUPU&

123 1794 232 1886 Quam
251 1795 352 1858 duleis
374 1796 415 1858 sit
435 1793 583 1871 libertas,
602 1794 748 1856 breviter
769 1792 954 1895 ppolotpuer„

166 1876 242 1944 Cani
262 1888 414 1958 perpasto
434 1877 533 1938 macie
554 1875 722 1938 confectus
741 1875 835 1954 lupus

121 1957 226 2018 Forte
248 1957 399 2020 occurrit.
442 1956 619 2018 salutantes
641 1955 714 2017 dein
734 1954 868 2016 invicem
942 2015 946 2022 Δ

122 2037 168 2097 Ut
188 2033 389 2098 restiterunt:
410 2036 501 2098 Unde
522 2037 585 2113 sic,
608 2054 747 2121 quaeso,
767 2032 871 2096 nites?

121 2117 191 2178 Aut
212 2137 277 2208 quo
298 2116 369 2180 eibo
391 2115 497 2188 fecisti
517 2129 639 2180 tantum
660 2114 828 2200 corporis?
892 2117 917 2168 ,'
1100 2115 1121 2179 ὅ

119 2270 320 2286 m-

175 2336 315 2402 Fauv1,
340 2356 368 2389 v.
388 2340 413 2391 3.
432 2337 502 2389 Cod.
521 2340 626 2391 Perott.
653 2333 718 2386 Vide
736 2355 769 2388 ne
787 2335 892 2387 dolorm
911 2336 952 2386 Ci.
970 2334 1120 2396 Desbiilon.

122 2405 160 2457 ud
178 2407 244 2457 calc.
262 2415 369 2458 nostrae
388 2405 431 2457 cd.
448 2433 483 2446 -·
501 2424 530 2464 a.
546 2409 572 2458 6.
590 2407 631 2457 lta
649 2404 737 2454 Codd.
756 2404 825 2456 Pith.
838 2405 910 2456 Rem.
930 2411 957 2455 et
993 2405 1120 2470 leraeqac

123 2472 195 2524 Edd.
214 2472 267 2525 Sed
288 2474 356 2527 Cod.
375 2475 477 2524 Perott.
509 2476 608 2540 Iugum
617 2473 771 2540 flagellans
790 2483 918 2539 temperat
937 2421 1008 2520 ceddo
1026 2488 1121 2520 tacerem.

70 2581 75 2594 t
123 2544 290 2593 Burmannus
316 2542 450 2594 coniecit:
482 2542 601 2608 Ter-gum
618 2539 738 2607 flagello
764 2550 895 2608 astupet-at
921 2540 994 2589 leuto
1018 2555 1120 2600 tuerere,-

122 2611 250 2676 idemque
270 2611 366 2661 iterum
385 2610 502 2661 Cursum
511 2610 630 2678 flagello
649 2607 859 2666 cet.1anneiiius
877 2607 947 2674 Iege
966 2617 992 2654 et
1001 2605 1120 2674 flagello

124 2688 258 2748 temperat
274 2679 373 2729 collum
390 2681 484 2736 etcum
502 2706 536 2717 -
552 2696 582 2728 vs
603 2695 627 2745 7.
646 2676 834 2727 Cod01‘erott.
854 2693 905 2725 ora
924 2683 992 2726 teste
1013 2675 1119 2726 Innuel·

122 2749 179 2810 lio,
196 2745 321 2813 idemque
340 2746 481 2798 Proschins
501 2749 663 2812 coniecerat.
684 2744 751 2794 Cod.
772 2743 840 2794 Pith.
861 2753 887 2794 et
903 2745 977 2793 Rem.
996 2743 1066 2792 lora.
1087 2774 1120 2783 -

122 2833 152 2866 v.
172 2830 198 2878 9.
217 2813 306 2867 Codd.
325 2813 395 2864 Pirh.
415 2823 442 2865 et
460 2817 535 2865 Rem.
565 2817 633 2865 Nam
652 2811 872 2875 attenuandam
889 2824 915 2863 et
938 2811 986 2860 ati
1003 2828 1118 2860 curren·
1160 2811 1162 2817 '

123 2881 192 2934 dum
207 2893 247 2931 est
267 2883 333 2940 seio.
353 2882 472 2934 Grutero
491 2892 519 2934 et
537 2885 665 2936 salmasio
685 2881 840 2933 unctoribus
853 2880 978 2948 Rigaltius
997 2879 1119 2950 Namque
1182 2903 1185 2912 ·

125 2951 174 3002 ubi
189 2947 380 3017 strigandam,
395 2945 515 3018 'indeque
534 2953 666 3020 plurimae
686 2949 755 3000 Edd.
775 2948 844 3000 Cod.
863 2951 963 3000 Perott.
984 2950 1118 3001 referente

123 3019 269 3071 launellio:
301 3018 353 3068 Ubi
370 3021 408 3069 sit
426 3018 595 3076 tardandum
612 3032 636 3082 et
656 3015 730 3078 ultro
747 3015 912 3068 currendum
929 3017 1004 3067 seio:
1032 3015 1118 3069 Bentl.

125 3083 292 3138 currendam
311 3089 348 3138 sit
366 3104 417 3158 pro
435 3098 485 3138 est.
540 3093 542 3100 ⁴

174 3154 324 3220 Fat.V11,‚
343 3174 370 3207 v.
388 3159 412 3212 3,
429 3155 498 3206 Cod.
515 3153 583 3207 Pith.
603 3155 685 3206 Forte
704 3156 841 3206 occurrit:
859 3151 923 3204 dein
940 3156 1059 3206 invicem.
1072 3174 1117 3208 sa·

125 3223 245 3273 letantes
261 3223 398 3276 Editioiree
417 3226 475 3276 sere
495 3239 602 3275 omnes:
622 3223 707 3274 Forte
723 3224 862 3275 occurrit:
889 3223 1039 3274 salutantes
1056 3223 1118 3274 daia

127 3291 246 3341 invicem.
265 3291 334 3342 Cod.
351 3293 423 3342 Rem.
443 3291 507 3343 dein
525 3293 675 3344 salutantes
694 3293 813 3344 invicem.
840 3291 909 3343 Cod.
935 3293 1036 3343 Perott.
1057 3291 1117 3342 aleris

122 3359 244 3410 'salretati
259 3359 379 3414 invicem.
398 3362 460 3427 Quo
479 3369 593 3412 metrum
618 3360 774 3411 concinnius
799 3358 939 3423 evaderet,
966 3362 1009 3411 ulii
1038 3362 1118 3410 aliter

127 3427 304 3492 refluxerunt3
320 3430 432 3480 maxime
450 3431 581 3498 probetur
599 3429 710 3480 Bentleii
725 3424 880 3483 coniectura
893 3429 976 3478 Forte
987 3445 1116 3478 occaecat·-

130 3497 182 3545 rit:
207 3494 270 3544 dein
288 3497 427 3561 salutans,
454 3499 562 3548 iambum
583 3497 618 3546 Ut
640 3497 797 3546 restiterunt
827 3507 878 3549 etc.
904 3496 981 3548 Unde
1009 3496 1115 3548 lanncl·
1171 3555 1173 3560 Ι

31 3575 35 3594 ¹
128 3562 190 3616 lius:
209 3566 294 3620 Ferte
314 3567 483 3616 occucurrit:
502 3565 564 3618 cleia
581 3565 699 3616 salutati
716 3565 835 3616 t'nm'ccm.
