2678 3978
453 491 517 530 ura.
538 471 583 546 11,
601 489 674 530 ran.
697 472 727 532 8.

113 629 279 708 Quantum
299 642 347 692 cst
368 630 507 692 laboris?
528 633 614 691 Dum
634 643 794 692 serutatur
816 619 954 714 singula,
977 650 982 662 ·

113 710 215 770 Cervi
235 730 365 793 quoque
385 712 447 772 alta
467 712 668 792 conspicatur
688 732 815 774 cornua.

111 790 222 870 Quem
244 803 417 852 convocata
436 791 525 852 iubet
546 792 648 854 occidi
669 790 802 870 familia,

110 869 334 953 Praedamque
355 871 457 932 tollit.¹

471 955 560 1013 Haec
582 949 735 1035 significat
754 945 876 1030 fabula,

92 1028 286 1110 *Dominum
306 1025 416 1122 ridere
438 1033 609 1114 plurimum
631 1033 662 1092 in
682 1031 780 1106 rebus
801 1032 874 1092 suis.

431 1355 794 1420 EPILOGUS.

109 1501 234 1583 Aesopi
254 1501 379 1584 ingenio
401 1515 533 1567 statuam
552 1528 692 1589 posuere
713 1505 829 1581 Attici,

110 1583 314 1665 Servumque
337 1583 533 1647 collocarunt
553 1601 680 1649 aeterna
701 1589 732 1648 in
752 1585 836 1662 basi,
907 1639 912 1648 .

109 1663 229 1722 Patere
249 1663 379 1723 honoris
401 1664 517 1726 scirent
539 1681 574 1726 ut
595 1669 715 1728 cunctis
736 1665 836 1740 viam,

109 1744 179 1802 Nec
200 1743 310 1835 generi
330 1742 426 1803 tribui
447 1746 504 1805 sed
524 1741 634 1807 virtuti
655 1747 795 1830 gloriam.
868 1755 875 1778 ⁷

110 1821 270 1898 Quoniam
288 1836 458 1904 occuparat
478 1825 575 1902 alter,
595 1848 635 1887 ne
655 1827 775 1908 primus
797 1821 920 1902 forem,

108 1905 158 1962 Ne
182 1903 268 1962 solus
290 1916 373 1963 esset
395 1903 518 1983 studui,
541 1907 628 1989 quod
650 1903 819 1988 superfuit.

108 1986 180 2043 Nec
202 1982 280 2042 haec
300 1983 432 2060 invidia,
454 1987 565 2046 verum
590 2000 638 2048 est
658 1984 835 2046 aemulatio.

108 2063 238 2150 Quodsi
258 2063 361 2123 labori
385 2064 502 2127 faverit
521 2067 645 2127 Latium
664 2087 754 2143 meo,

107 2147 226 2204 Plures
244 2141 393 2220 habehit,
419 2167 499 2228 quos
521 2159 661 2229 opponat
683 2145 846 2208 Graeciae.

109 2225 144 2284 Si
165 2223 251 2283 livor
272 2223 452 2286 obtrectare
475 2247 583 2287 curum
604 2227 760 2300 voluerit,

108 2302 182 2366 Non
199 2315 304 2364 tamen
326 2305 442 2386 eripiet
463 2306 564 2368 laudis
586 2307 816 2368 conscientiam.

109 2385 143 2444 si
165 2395 309 2443 nostrum
331 2381 530 2446 studium'ad
551 2407 643 2447 aures
689 2387 811 2448 ervenit
831 2397 918 2463 tuas,

109 2466 247 2524 Et·arte
267 2460 356 2524 fictas
379 2465 496 2524 animus
521 2466 616 2527 sentit
637 2408 778 2539 salutas,

112 2543 251 2605 Omnem
273 2544 437 2627 querelam
456 2557 635 2607 summovet
654 2544 799 2605 felicitas.

112 2624 169 2684 Sin
190 2634 295 2686 autem
316 2625 427 2686 doctus
450 2625 511 2686 illis
532 2625 671 2688 occurrit
690 2623 798 2701 labor,
1071 2621 1107 2682 15

163 2867 274 2937 Epilog.
292 2867 386 2936 Plures
403 2866 471 2917 Edd.
490 2867 638 2918 inscribunt
657 2870 777 2926 Arietem·
804 2864 984 2916 Desbillonius
1001 2865 1106 2912 Attctor

112 2935 152 2988 ad
168 2936 306 2986 Lentonem
324 2933 374 2984 hac
393 2943 457 2984 nota
473 2935 500 2983 in
516 2931 717 2986 Commentitrio
736 2935 783 2983 MS
802 2933 904 2985 addita:
930 2929 996 2996 „Ad
1011 2931 1105 2980 Lecto·
1158 2933 1161 2937 “

111 3023 166 3055 rem
186 3021 241 3054 non
259 3003 358 3054 hubent
376 3003 451 3052 MSS.
470 3002 602 3068 Codices,
629 3002 676 3053 sed
694 3003 737 3053 vel
754 3001 822 3066 hoc,
840 3003 882 3051 vel
901 3000 1001 3066 aliquid
1020 2999 1105 3048 simile

112 3072 294 3142 supplendum
312 3071 355 3122 hic
374 3071 440 3136 suit,
459 3080 574 3139 propter
589 3088 693 3122 versum
714 3087 743 3120 ta
761 3071 788 3119 si
803 3083 926 3120 nostrum
936 3067 1060 3118 studium
1069 3062 1109 3115 ud

112 3159 197 3192 uiuos
214 3141 335 3210 pervenit
362 3150 442 3200 tuos‚·
470 3139 589 3206 alioquin
608 3141 698 3190 locum
716 3137 787 3188 hunc
805 3154 860 3188 esse
879 3136 998 3188 hiulcum
1014 3137 1105 3186 dicen·

113 3209 177 3260 dum
195 3211 262 3272 erit,
282 3207 356 3276 qnod
376 3217 403 3258 et
421 3207 546 3258 Sanodon
563 3207 661 3273 aliique
680 3207 772 3257 Critici
790 3206 909 3256 arbitrati
927 3207 1058 3256 sunt.“-
1076 3219 1105 3252 v.
1145 3243 1148 3261 ,
1207 3223 1213 3227 ·

116 3295 138 3329 ι.
154 3279 196 3328 Ita
215 3277 284 3328 Cod.
301 3276 412 3327 Perotti.
430 3276 484 3327 Sed
504 3275 571 3326 Cod.
589 3274 657 3325 Pith.
675 3285 701 3326 et
718 3275 849 3342 plurimae
868 3272 936 3323 Edd.
947 3276 1052 3342 Aesopo
1063 3273 1105 3320 in-

113 3357 217 3413 gentem
234 3356 362 3396 statuam.
379 3371 414 3396 -,-
436 3361 465 3394 v.
484 3346 508 3396 3.
529 3343 617 3394 codd.
643 3343 711 3392 Pith.
737 3347 763 3393 et
787 3343 861 3392 Rem.
885 3343 984 3391 Patere
1005 3339 1108 3390 homiui

116 3417 218 3464 scirent
236 3413 382 3464 ut'cuncti
398 3414 475 3462 viam.
492 3412 560 3464 Cod.
578 3414 637 3462 Per.
653 3409 765 3472 honori,
784 3426 834 3478 pro
853 3409 960 3460 homini.
969 3407 1104 3469 Pithoeus,

114 3483 239 3548 Rigaltius
259 3491 285 3531 ct
305 3480 348 3532 ulii
367 3483 490 3548 plerique
508 3480 606 3530 Patere
625 3479 740 3530 honoris
759 3481 862 3529 scirent
880 3489 910 3529 ut
927 3478 1021 3526 corneti
1029 3477 1103 3526 vium.

114 3551 210 3603 Nostra
228 3551 311 3602 lectio
329 3549 448 3600 Proschii
466 3556 514 3602 cst.
533 3575 566 3588 -
584 3563 612 3598 v.
633 3551 671 3601 15.
688 3547 728 3599 Ita
747 3548 872 3614 Rigaltius
895 3545 971 3596 dedit
995 3553 1103 3596 auctore
