<?xml version="1.0" encoding="UTF-8"?>
<!DOCTYPE html PUBLIC "-//W3C//DTD XHTML 1.0 Transitional//EN"
    "http://www.w3.org/TR/xhtml1/DTD/xhtml1-transitional.dtd">
<html xmlns="http://www.w3.org/1999/xhtml" xml:lang="en" lang="en">
 <head>
  <title>
</title>
<meta http-equiv="Content-Type" content="text/html;charset=utf-8" />
  <meta name='ocr-system' content='tesseract 3.04.00' />
  <meta name='ocr-capabilities' content='ocr_page ocr_carea ocr_par ocr_line ocrx_word'/>
</head>
<body>
  <div class='ocr_page' id='page_1' title='image "./phaedriaugustil00aesogoog_0154.png"; bbox 0 0 2610 4002; ppageno 0'>
   <div class='ocr_carea' id='block_1_1' title="bbox 406 501 717 547">
    <p class='ocr_par' dir='ltr' id='par_1_1' title="bbox 406 501 717 547">
     <span class='ocr_line' id='line_1_1' title="bbox 406 501 717 547; baseline 0.006 -3"><span class='ocrx_word' id='word_1_1' title='bbox 406 501 409 504; x_wconf 73' lang='grc'><strong>’</strong></span> <span class='ocrx_word' id='word_1_2' title='bbox 473 503 552 547; x_wconf 70' lang='grc' dir='ltr'><strong>ἘΔΒ.</strong></span> <span class='ocrx_word' id='word_1_3' title='bbox 580 505 662 546; x_wconf 83' lang='grc'><strong>10-</strong></span> <span class='ocrx_word' id='word_1_4' title='bbox 674 505 717 546; x_wconf 75' lang='lat' dir='ltr'><strong>ta.</strong></span> 
     </span>
    </p>
   </div>
   <div class='ocr_carea' id='block_1_2' title="bbox 522 645 675 709">
    <p class='ocr_par' dir='ltr' id='par_1_2' title="bbox 522 645 675 709">
     <span class='ocr_line' id='line_1_2' title="bbox 522 645 675 709; baseline 0.026 -3"><span class='ocrx_word' id='word_1_5' title='bbox 522 663 598 706; x_wconf 79' lang='lat' dir='ltr'><strong>rsa.</strong></span> <span class='ocrx_word' id='word_1_6' title='bbox 619 645 675 709; x_wconf 85' lang='lat' dir='ltr'><strong>XI.</strong></span> 
     </span>
    </p>
   </div>
   <div class='ocr_carea' id='block_1_3' title="bbox 308 743 886 854">
    <p class='ocr_par' dir='ltr' id='par_1_3' title="bbox 308 743 886 854">
     <span class='ocr_line' id='line_1_3' title="bbox 308 743 886 854; baseline 0 -25"><span class='ocrx_word' id='word_1_7' title='bbox 308 743 465 828; x_wconf 77' lang='lat' dir='ltr'><strong>Aesopus</strong></span> <span class='ocrx_word' id='word_1_8' title='bbox 482 773 528 824; x_wconf 80' lang='lat' dir='ltr'><strong>er</strong></span> <span class='ocrx_word' id='word_1_9' title='bbox 546 771 679 824; x_wconf 80' lang='lat' dir='ltr'><strong>vroron</strong></span> <span class='ocrx_word' id='word_1_10' title='bbox 698 773 886 854; x_wconf 76' lang='lat' dir='ltr'><strong>emmaus.</strong></span> 
     </span>
    </p>
   </div>
   <div class='ocr_carea' id='block_1_4' title="bbox 269 870 918 963">
    <p class='ocr_par' dir='ltr' id='par_1_4' title="bbox 269 870 918 963">
     <span class='ocr_line' id='line_1_4' title="bbox 269 870 918 963; baseline -0.002 -21"><span class='ocrx_word' id='word_1_11' title='bbox 269 881 334 963; x_wconf 81' lang='lat' dir='ltr'><strong>an</strong></span> <span class='ocrx_word' id='word_1_12' title='bbox 355 887 565 962; x_wconf 78' lang='lat' dir='ltr'><em>comprimatur</em></span> <span class='ocrx_word' id='word_1_13' title='bbox 585 870 740 960; x_wconf 76' lang='lat' dir='ltr'><strong>aliquando</strong></span> <span class='ocrx_word' id='word_1_14' title='bbox 762 887 918 944; x_wconf 80' lang='lat' dir='ltr'><strong>iactantia.</strong></span> 
     </span>
    </p>
   </div>
   <div class='ocr_carea' id='block_1_5' title="bbox 82 980 900 1709">
    <p class='ocr_par' dir='ltr' id='par_1_5' title="bbox 82 980 900 1620">
     <span class='ocr_line' id='line_1_5' title="bbox 82 980 727 1066; baseline -0.005 -21"><span class='ocrx_word' id='word_1_15' title='bbox 82 982 263 1058; x_wconf 83' lang='lat' dir='ltr'><strong>Victorem</strong></span> <span class='ocrx_word' id='word_1_16' title='bbox 285 983 371 1047; x_wconf 86' lang='lat' dir='ltr'><strong>forte</strong></span> <span class='ocrx_word' id='word_1_17' title='bbox 395 981 528 1066; x_wconf 82' lang='lat' dir='ltr'>gymnici</span> <span class='ocrx_word' id='word_1_18' title='bbox 549 980 727 1042; x_wconf 78' lang='lat' dir='ltr'><strong>certaminis</strong></span> 
     </span>
     <span class='ocr_line' id='line_1_6' title="bbox 82 1059 842 1148; baseline 0.007 -28"><span class='ocrx_word' id='word_1_19' title='bbox 82 1063 318 1125; x_wconf 82' lang='lat' dir='ltr'><strong>Iactantiorem</strong></span> <span class='ocrx_word' id='word_1_20' title='bbox 338 1085 436 1148; x_wconf 88' lang='lat' dir='ltr'><strong>quum</strong></span> <span class='ocrx_word' id='word_1_21' title='bbox 457 1081 526 1124; x_wconf 88' lang='lat' dir='ltr'><strong>esse</strong></span> <span class='ocrx_word' id='word_1_22' title='bbox 548 1061 679 1121; x_wconf 86' lang='lat' dir='ltr'><strong>vidisset</strong></span> <span class='ocrx_word' id='word_1_23' title='bbox 697 1059 842 1144; x_wconf 81' lang='lat' dir='ltr'><strong>Sophus,</strong></span> 
     </span>
     <span class='ocr_line' id='line_1_7' title="bbox 82 1141 715 1238; baseline -0.002 -36"><span class='ocrx_word' id='word_1_24' title='bbox 82 1145 323 1227; x_wconf 80' lang='lat' dir='ltr'><strong>Interrogavit,</strong></span> <span class='ocrx_word' id='word_1_25' title='bbox 345 1143 495 1238; x_wconf 85' lang='lat' dir='ltr'><strong>amplisne</strong></span> <span class='ocrx_word' id='word_1_26' title='bbox 516 1141 715 1202; x_wconf 83' lang='lat' dir='ltr'><strong>adversarius</strong></span> 
     </span>
     <span class='ocr_line' id='line_1_8' title="bbox 83 1220 870 1306; baseline 0.001 -20"><span class='ocrx_word' id='word_1_27' title='bbox 83 1224 255 1286; x_wconf 74' lang='lat' dir='ltr'><strong>Valuisset</strong></span> <span class='ocrx_word' id='word_1_28' title='bbox 276 1222 440 1286; x_wconf 82' lang='lat' dir='ltr'><strong>humens?</strong></span> <span class='ocrx_word' id='word_1_29' title='bbox 461 1222 535 1284; x_wconf 86' lang='lat' dir='ltr'><strong>Ille:</strong></span> <span class='ocrx_word' id='word_1_30' title='bbox 559 1223 606 1282; x_wconf 89' lang='lat' dir='ltr'><strong>Nc</strong></span> <span class='ocrx_word' id='word_1_31' title='bbox 627 1221 712 1282; x_wconf 88' lang='lat' dir='ltr'><strong>istud</strong></span> <span class='ocrx_word' id='word_1_32' title='bbox 735 1220 870 1306; x_wconf 66' lang='lat' dir='ltr'><strong>dixens3</strong></span> 
     </span>
     <span class='ocr_line' id='line_1_9' title="bbox 83 1303 777 1374; baseline 0 -12"><span class='ocrx_word' id='word_1_33' title='bbox 83 1305 193 1364; x_wconf 86' lang='lat' dir='ltr'><strong>Multo</strong></span> <span class='ocrx_word' id='word_1_34' title='bbox 215 1303 310 1366; x_wconf 87' lang='lat' dir='ltr'><strong>fuere</strong></span> <span class='ocrx_word' id='word_1_35' title='bbox 333 1305 417 1367; x_wconf 82' lang='lat' dir='ltr'><strong>vires</strong></span> <span class='ocrx_word' id='word_1_36' title='bbox 439 1303 574 1364; x_wconf 89' lang='lat' dir='ltr'><strong>maiores</strong></span> <span class='ocrx_word' id='word_1_37' title='bbox 595 1322 694 1363; x_wconf 89' lang='lat' dir='ltr'><strong>meae.</strong></span> <span class='ocrx_word' id='word_1_38' title='bbox 714 1322 777 1374; x_wconf 52' lang='grc'><strong>’-,</strong></span> 
     </span>
     <span class='ocr_line' id='line_1_10' title="bbox 84 1381 900 1524; baseline 0.004 -82"><span class='ocrx_word' id='word_1_39' title='bbox 84 1384 209 1524; x_wconf 37' lang='lat' dir='ltr'><strong>guod,</strong></span> <span class='ocrx_word' id='word_1_40' title='bbox 230 1385 349 1468; x_wconf 89' lang='lat' dir='ltr'><strong>inquit,</strong></span> <span class='ocrx_word' id='word_1_41' title='bbox 369 1405 466 1464; x_wconf 81' lang='lat' dir='ltr'><strong>ergo,</strong></span> <span class='ocrx_word' id='word_1_42' title='bbox 488 1381 601 1459; x_wconf 87' lang='lat' dir='ltr'><strong>stulte,</strong></span> <span class='ocrx_word' id='word_1_43' title='bbox 621 1383 765 1446; x_wconf 88' lang='lat' dir='ltr'><strong>meruisti</strong></span> <span class='ocrx_word' id='word_1_44' title='bbox 785 1382 900 1464; x_wconf 83' lang='lat' dir='ltr'><strong>decus,</strong></span> 
     </span>
     <span class='ocr_line' id='line_1_11' title="bbox 84 1459 714 1527; baseline -0.006 -2"><span class='ocrx_word' id='word_1_45' title='bbox 84 1517 94 1525; x_wconf 87' lang='lat'><strong>.</strong></span> <span class='ocrx_word' id='word_1_46' title='bbox 118 1464 194 1526; x_wconf 90' lang='lat' dir='ltr'><strong>inus</strong></span> <span class='ocrx_word' id='word_1_47' title='bbox 223 1467 380 1527; x_wconf 88' lang='lat' dir='ltr'><strong>valentem</strong></span> <span class='ocrx_word' id='word_1_48' title='bbox 401 1463 427 1523; x_wconf 90' lang='lat' dir='ltr'><strong>si</strong></span> <span class='ocrx_word' id='word_1_49' title='bbox 448 1461 550 1524; x_wconf 85' lang='lat' dir='ltr'><strong>vicisti</strong></span> <span class='ocrx_word' id='word_1_50' title='bbox 574 1459 714 1524; x_wconf 83' lang='lat' dir='ltr'><strong>fortior?</strong></span> 
     </span>
     <span class='ocr_line' id='line_1_12' title="bbox 84 1541 744 1620; baseline -0.003 -14"><span class='ocrx_word' id='word_1_51' title='bbox 84 1545 260 1606; x_wconf 87' lang='lat' dir='ltr'><strong>Ferendus</strong></span> <span class='ocrx_word' id='word_1_52' title='bbox 284 1565 387 1620; x_wconf 86' lang='lat' dir='ltr'><strong>esses,</strong></span> <span class='ocrx_word' id='word_1_53' title='bbox 411 1541 497 1614; x_wconf 84' lang='lat' dir='ltr'><strong>forte</strong></span> <span class='ocrx_word' id='word_1_54' title='bbox 520 1542 598 1601; x_wconf 91' lang='lat' dir='ltr'><strong>site</strong></span> <span class='ocrx_word' id='word_1_55' title='bbox 620 1542 744 1604; x_wconf 84' lang='lat' dir='ltr'><strong>diceres</strong></span> 
     </span>
    </p>

    <p class='ocr_par' dir='ltr' id='par_1_6' title="bbox 84 1621 859 1709">
     <span class='ocr_line' id='line_1_13' title="bbox 84 1621 859 1709; baseline -0.005 -21"><span class='ocrx_word' id='word_1_56' title='bbox 84 1629 174 1688; x_wconf 89' lang='lat' dir='ltr'><strong>Eum</strong></span> <span class='ocrx_word' id='word_1_57' title='bbox 200 1630 387 1706; x_wconf 71' lang='lat' dir='ltr'><strong>superasse,</strong></span> <span class='ocrx_word' id='word_1_58' title='bbox 410 1623 525 1685; x_wconf 88' lang='lat' dir='ltr'><strong>melior</strong></span> <span class='ocrx_word' id='word_1_59' title='bbox 548 1621 603 1709; x_wconf 85' lang='lat' dir='ltr'><strong>qui</strong></span> <span class='ocrx_word' id='word_1_60' title='bbox 628 1622 859 1703; x_wconf 30' lang='lat' dir='ltr'><strong>esset-viribus.</strong></span> 
     </span>
    </p>
   </div>
   <div class='ocr_carea' id='block_1_6' title="bbox 507 1761 695 1775">
    <p class='ocr_par' dir='ltr' id='par_1_7' title="bbox 507 1761 695 1775">
     <span class='ocr_line' id='line_1_14' title="bbox 507 1761 695 1775; baseline 0 -3"><span class='ocrx_word' id='word_1_61' title='bbox 507 1761 695 1775; x_wconf 48' lang='lat' dir='ltr'><strong>*m</strong></span> 
     </span>
    </p>
   </div>
   <div class='ocr_carea' id='block_1_7' title="bbox 300 1860 799 2052">
    <p class='ocr_par' dir='ltr' id='par_1_8' title="bbox 300 1860 799 2052">
     <span class='ocr_line' id='line_1_15' title="bbox 406 1860 673 1945; baseline -0.011 -22"><span class='ocrx_word' id='word_1_62' title='bbox 406 1930 412 1945; x_wconf 24' lang='grc' dir='ltr'>α</span> <span class='ocrx_word' id='word_1_63' title='bbox 510 1879 584 1922; x_wconf 73' lang='lat' dir='ltr'><strong>rte.</strong></span> <span class='ocrx_word' id='word_1_64' title='bbox 606 1860 673 1920; x_wconf 82' lang='lat' dir='ltr'><strong>xtl.</strong></span> 
     </span>
     <span class='ocr_line' id='line_1_16' title="bbox 300 1955 799 2052; baseline -0.004 -3"><span class='ocrx_word' id='word_1_65' title='bbox 300 1994 308 2014; x_wconf 90' lang='grc'><strong>··</strong></span> <span class='ocrx_word' id='word_1_66' title='bbox 384 1996 532 2049; x_wconf 76' lang='lat' dir='ltr'><strong>nsmus</strong></span> <span class='ocrx_word' id='word_1_67' title='bbox 557 1955 617 2052; x_wconf 50' lang='grc' dir='ltr'><strong>ΑΑΙ)</strong></span> <span class='ocrx_word' id='word_1_68' title='bbox 646 1996 799 2052; x_wconf 76' lang='lat' dir='ltr'><strong>itanu.</strong></span> 
     </span>
    </p>
   </div>
   <div class='ocr_carea' id='block_1_8' title="bbox 87 2077 998 2350">
    <p class='ocr_par' dir='ltr' id='par_1_9' title="bbox 87 2077 998 2350">
     <span class='ocr_line' id='line_1_17' title="bbox 184 2077 998 2188; baseline 0.004 -22"><span class='ocrx_word' id='word_1_69' title='bbox 184 2107 249 2188; x_wconf 85' lang='lat' dir='ltr'><strong>an</strong></span> <span class='ocrx_word' id='word_1_70' title='bbox 271 2109 355 2168; x_wconf 84' lang='lat' dir='ltr'><strong>modo</strong></span> <span class='ocrx_word' id='word_1_71' title='bbox 369 2099 490 2184; x_wconf 63' lang='lat' dir='ltr'><strong>&#39;ingenio</strong></span> <span class='ocrx_word' id='word_1_72' title='bbox 510 2127 598 2188; x_wconf 84' lang='lat' dir='ltr'><strong>saepe</strong></span> <span class='ocrx_word' id='word_1_73' title='bbox 618 2105 792 2166; x_wconf 81' lang='lat' dir='ltr'><strong>calamitate</strong></span> <span class='ocrx_word' id='word_1_74' title='bbox 812 2077 998 2180; x_wconf 77' lang='lat' dir='ltr'><strong>tateretaont</strong></span> 
     </span>
     <span class='ocr_line' id='line_1_18' title="bbox 87 2207 786 2350; baseline 0.006 -82"><span class='ocrx_word' id='word_1_75' title='bbox 87 2209 210 2272; x_wconf 82' lang='lat' dir='ltr'><strong>Asinus</strong></span> <span class='ocrx_word' id='word_1_76' title='bbox 233 2208 387 2285; x_wconf 86' lang='lat' dir='ltr'><strong>iacentem</strong></span> <span class='ocrx_word' id='word_1_77' title='bbox 408 2207 488 2270; x_wconf 84' lang='lat' dir='ltr'><strong>vidit</strong></span> <span class='ocrx_word' id='word_1_78' title='bbox 507 2209 539 2269; x_wconf 94' lang='lat' dir='ltr'><strong>in</strong></span> <span class='ocrx_word' id='word_1_79' title='bbox 557 2222 651 2350; x_wconf 73' lang='lat' dir='ltr'><strong>prato</strong></span> <span class='ocrx_word' id='word_1_80' title='bbox 669 2208 786 2288; x_wconf 64' lang='lat' dir='ltr'><strong>lyram}</strong></span> 
     </span>
    </p>
   </div>
   <div class='ocr_carea' id='block_1_9' title="bbox 77 2289 1088 2617">
    <p class='ocr_par' dir='ltr' id='par_1_10' title="bbox 77 2289 766 2373">
     <span class='ocr_line' id='line_1_19' title="bbox 77 2289 766 2373; baseline -0.003 -25"><span class='ocrx_word' id='word_1_81' title='bbox 77 2289 238 2371; x_wconf 24' lang='lat' dir='ltr'><strong>,Accessit</strong></span> <span class='ocrx_word' id='word_1_82' title='bbox 258 2289 454 2373; x_wconf 85' lang='lat' dir='ltr'><strong>tentavitque</strong></span> <span class='ocrx_word' id='word_1_83' title='bbox 476 2289 555 2352; x_wconf 92' lang='lat' dir='ltr'><strong>chor</strong></span> <span class='ocrx_word' id='word_1_84' title='bbox 579 2311 611 2350; x_wconf 85' lang='lat' dir='ltr'><strong>as</strong></span> <span class='ocrx_word' id='word_1_85' title='bbox 631 2289 766 2372; x_wconf 80' lang='lat' dir='ltr'><strong>ungula3</strong></span> 
     </span>
    </p>

    <p class='ocr_par' dir='ltr' id='par_1_11' title="bbox 87 2366 792 2440">
     <span class='ocr_line' id='line_1_20' title="bbox 87 2366 792 2440; baseline 0.003 -14"><span class='ocrx_word' id='word_1_86' title='bbox 87 2366 238 2434; x_wconf 87' lang='lat' dir='ltr'><strong>Sonuere</strong></span> <span class='ocrx_word' id='word_1_87' title='bbox 258 2381 369 2440; x_wconf 86' lang='lat' dir='ltr'><strong>tactae.</strong></span> <span class='ocrx_word' id='word_1_88' title='bbox 409 2369 499 2430; x_wconf 90' lang='lat' dir='ltr'><strong>Bella</strong></span> <span class='ocrx_word' id='word_1_89' title='bbox 519 2390 571 2430; x_wconf 88' lang='lat' dir='ltr'><strong>res</strong></span> <span class='ocrx_word' id='word_1_90' title='bbox 593 2368 792 2430; x_wconf 87' lang='lat' dir='ltr'><strong>mehercules</strong></span> 
     </span>
    </p>

    <p class='ocr_par' dir='ltr' id='par_1_12' title="bbox 87 2447 827 2530">
     <span class='ocr_line' id='line_1_21' title="bbox 87 2447 827 2530; baseline 0.001 -23"><span class='ocrx_word' id='word_1_91' title='bbox 87 2449 174 2522; x_wconf 80' lang='lat' dir='ltr'><strong>Male</strong></span> <span class='ocrx_word' id='word_1_92' title='bbox 196 2447 307 2526; x_wconf 86' lang='lat' dir='ltr'><strong>cessit,</strong></span> <span class='ocrx_word' id='word_1_93' title='bbox 332 2449 391 2524; x_wconf 82' lang='lat' dir='ltr'><strong>ait,</strong></span> <span class='ocrx_word' id='word_1_94' title='bbox 412 2449 487 2509; x_wconf 87' lang='lat' dir='ltr'><strong>artis</strong></span> <span class='ocrx_word' id='word_1_95' title='bbox 508 2449 582 2530; x_wconf 88' lang='lat' dir='ltr'><strong>quia</strong></span> <span class='ocrx_word' id='word_1_96' title='bbox 603 2469 673 2516; x_wconf 84' lang='lat' dir='ltr'><strong>sum</strong></span> <span class='ocrx_word' id='word_1_97' title='bbox 692 2447 827 2518; x_wconf 63' lang='lat' dir='ltr'><strong>nescias</strong></span> 
     </span>
    </p>

    <p class='ocr_par' dir='ltr' id='par_1_13' title="bbox 88 2522 1088 2617">
     <span class='ocr_line' id='line_1_22' title="bbox 88 2522 1088 2617; baseline 0 -29"><span class='ocrx_word' id='word_1_98' title='bbox 88 2527 123 2588; x_wconf 90' lang='lat' dir='ltr'><strong>Si</strong></span> <span class='ocrx_word' id='word_1_99' title='bbox 144 2526 322 2617; x_wconf 88' lang='lat' dir='ltr'><strong>reperisset</strong></span> <span class='ocrx_word' id='word_1_100' title='bbox 342 2527 454 2614; x_wconf 82' lang='lat' dir='ltr'><strong>aliquis</strong></span> <span class='ocrx_word' id='word_1_101' title='bbox 474 2527 555 2593; x_wconf 86' lang='lat' dir='ltr'><strong>hane</strong></span> <span class='ocrx_word' id='word_1_102' title='bbox 578 2522 784 2610; x_wconf 79' lang='lat' dir='ltr'><strong>prudentior,</strong></span> <span class='ocrx_word' id='word_1_103' title='bbox 1067 2524 1088 2588; x_wconf 82' lang='lat'><em>5</em></span> 
     </span>
    </p>
   </div>
   <div class='ocr_carea' id='block_1_10' title="bbox 90 2667 282 2688">
    <p class='ocr_par' dir='ltr' id='par_1_14' title="bbox 90 2667 282 2688">
     <span class='ocr_line' id='line_1_23' title="bbox 90 2667 282 2688; baseline -0.005 1"><span class='ocrx_word' id='word_1_104' title='bbox 90 2667 282 2688; x_wconf 68' lang='grc' dir='ltr'>----·-η</span> 
     </span>
    </p>
   </div>
   <div class='ocr_carea' id='block_1_11' title="bbox 89 2737 1086 2996">
    <p class='ocr_par' dir='ltr' id='par_1_15' title="bbox 89 2737 1086 2996">
     <span class='ocr_line' id='line_1_24' title="bbox 139 2737 1086 2810; baseline -0.006 -17"><span class='ocrx_word' id='word_1_105' title='bbox 139 2743 210 2803; x_wconf 65' lang='lat' dir='ltr'><strong>Fet.</strong></span> <span class='ocrx_word' id='word_1_106' title='bbox 231 2744 283 2806; x_wconf 91' lang='lat' dir='ltr'><strong>XI,</strong></span> <span class='ocrx_word' id='word_1_107' title='bbox 300 2760 330 2793; x_wconf 84' lang='lat' dir='ltr'><strong>v.</strong></span> <span class='ocrx_word' id='word_1_108' title='bbox 352 2761 373 2793; x_wconf 84' lang='grc' dir='ltr'><strong>ι.</strong></span> <span class='ocrx_word' id='word_1_109' title='bbox 393 2742 462 2792; x_wconf 92' lang='lat' dir='ltr'><strong>Cod.</strong></span> <span class='ocrx_word' id='word_1_110' title='bbox 479 2744 564 2793; x_wconf 85' lang='lat' dir='ltr'><strong>Forte</strong></span> <span class='ocrx_word' id='word_1_111' title='bbox 584 2743 723 2810; x_wconf 72' lang='lat' dir='ltr'><strong>victorem,</strong></span> <span class='ocrx_word' id='word_1_112' title='bbox 749 2739 823 2806; x_wconf 83' lang='lat' dir='ltr'><strong>quod</strong></span> <span class='ocrx_word' id='word_1_113' title='bbox 840 2742 936 2790; x_wconf 83' lang='lat' dir='ltr'><strong>retinet</strong></span> <span class='ocrx_word' id='word_1_114' title='bbox 954 2737 1086 2802; x_wconf 84' lang='lat' dir='ltr'><strong>Cassitus;</strong></span> 
     </span>
     <span class='ocr_line' id='line_1_25' title="bbox 89 2808 1086 2881; baseline -0.005 -23"><span class='ocrx_word' id='word_1_115' title='bbox 89 2813 256 2881; x_wconf 86' lang='lat' dir='ltr'><strong>transposuit</strong></span> <span class='ocrx_word' id='word_1_116' title='bbox 274 2812 426 2862; x_wconf 86' lang='lat' dir='ltr'><strong>Iannellius.</strong></span> <span class='ocrx_word' id='word_1_117' title='bbox 442 2829 511 2860; x_wconf 69' lang='grc' dir='ltr'><strong>-ν,</strong></span> <span class='ocrx_word' id='word_1_118' title='bbox 527 2827 551 2860; x_wconf 79' lang='lat' dir='ltr'><strong>a.</strong></span> <span class='ocrx_word' id='word_1_119' title='bbox 570 2810 725 2860; x_wconf 86' lang='lat' dir='ltr'><strong>Emendavit</strong></span> <span class='ocrx_word' id='word_1_120' title='bbox 744 2809 868 2857; x_wconf 85' lang='lat' dir='ltr'><strong>Cassitus.</strong></span> <span class='ocrx_word' id='word_1_121' title='bbox 890 2808 957 2857; x_wconf 87' lang='lat' dir='ltr'><strong>Cod.</strong></span> <span class='ocrx_word' id='word_1_122' title='bbox 975 2809 1086 2856; x_wconf 85' lang='lat' dir='ltr'><strong>Iactan-</strong></span> 
     </span>
     <span class='ocr_line' id='line_1_26' title="bbox 90 2877 1086 2996; baseline -0.003 -70"><span class='ocrx_word' id='word_1_123' title='bbox 90 2880 190 2930; x_wconf 84' lang='lat' dir='ltr'><strong>tiorem</strong></span> <span class='ocrx_word' id='word_1_124' title='bbox 208 2897 290 2996; x_wconf 41' lang='lat' dir='ltr'><strong>{uam</strong></span> <span class='ocrx_word' id='word_1_125' title='bbox 309 2878 419 2929; x_wconf 83' lang='lat' dir='ltr'><strong>vidisset</strong></span> <span class='ocrx_word' id='word_1_126' title='bbox 431 2883 560 2948; x_wconf 82' lang='lat' dir='ltr'><strong>Aesopus.</strong></span> <span class='ocrx_word' id='word_1_127' title='bbox 578 2879 721 2930; x_wconf 87' lang='lat' dir='ltr'><strong>Iannellius</strong></span> <span class='ocrx_word' id='word_1_128' title='bbox 738 2878 934 2927; x_wconf 83' lang='lat' dir='ltr'><strong>Iactantiorem</strong></span> <span class='ocrx_word' id='word_1_129' title='bbox 953 2893 1035 2944; x_wconf 82' lang='lat' dir='ltr'><strong>qaam</strong></span> <span class='ocrx_word' id='word_1_130' title='bbox 1047 2877 1086 2926; x_wconf 90' lang='lat' dir='ltr'><strong>vi·</strong></span> 
     </span>
    </p>
   </div>
   <div class='ocr_carea' id='block_1_12' title="bbox 16 2944 1154 3017">
    <p class='ocr_par' dir='ltr' id='par_1_16' title="bbox 16 2944 1154 3017">
     <span class='ocr_line' id='line_1_27' title="bbox 16 2944 1154 3017; baseline -0.004 -21"><span class='ocrx_word' id='word_1_131' title='bbox 16 2999 17 3002; x_wconf 53' lang='lat'><strong>,</strong></span> <span class='ocrx_word' id='word_1_132' title='bbox 90 2946 179 3000; x_wconf 83' lang='lat' dir='ltr'><strong>disset</strong></span> <span class='ocrx_word' id='word_1_133' title='bbox 194 2968 212 3017; x_wconf 89' lang='lat' dir='ltr'><strong>p</strong></span> <span class='ocrx_word' id='word_1_134' title='bbox 233 2948 383 3016; x_wconf 84' lang='lat' dir='ltr'><strong>ilosophas.</strong></span> <span class='ocrx_word' id='word_1_135' title='bbox 401 2978 434 2989; x_wconf 89' lang='lat'><strong>-</strong></span> <span class='ocrx_word' id='word_1_136' title='bbox 451 2966 481 3002; x_wconf 85' lang='lat' dir='ltr'><strong>v.</strong></span> <span class='ocrx_word' id='word_1_137' title='bbox 500 2945 515 3012; x_wconf 69' lang='grc'><strong><em>4</em></strong></span> <span class='ocrx_word' id='word_1_138' title='bbox 534 2957 561 2998; x_wconf 88' lang='lat' dir='ltr'><strong>et</strong></span> <span class='ocrx_word' id='word_1_139' title='bbox 578 2949 603 2999; x_wconf 83' lang='lat'><strong>5.</strong></span> <span class='ocrx_word' id='word_1_140' title='bbox 622 2948 663 2996; x_wconf 88' lang='lat' dir='ltr'><strong>Ita</strong></span> <span class='ocrx_word' id='word_1_141' title='bbox 682 2946 806 2996; x_wconf 86' lang='lat' dir='ltr'><strong>Cassitus.</strong></span> <span class='ocrx_word' id='word_1_142' title='bbox 822 2944 916 2996; x_wconf 80' lang='lat' dir='ltr'><strong>Codex</strong></span> <span class='ocrx_word' id='word_1_143' title='bbox 941 2953 1007 2994; x_wconf 86' lang='lat' dir='ltr'><strong>teste</strong></span> <span class='ocrx_word' id='word_1_144' title='bbox 1025 2945 1085 2992; x_wconf 83' lang='lat' dir='ltr'><strong>lan·</strong></span> <span class='ocrx_word' id='word_1_145' title='bbox 1143 2989 1154 3006; x_wconf 32' lang='grc' dir='ltr'>ᾳ</span> 
     </span>
    </p>
   </div>
   <div class='ocr_carea' id='block_1_13' title="bbox 57 3012 1090 3692">
    <p class='ocr_par' dir='ltr' id='par_1_17' title="bbox 90 3012 1085 3430">
     <span class='ocr_line' id='line_1_28' title="bbox 90 3012 1085 3085; baseline -0.007 -18"><span class='ocrx_word' id='word_1_146' title='bbox 90 3019 191 3073; x_wconf 77' lang='lat' dir='ltr'><strong>nenio:</strong></span> <span class='ocrx_word' id='word_1_147' title='bbox 209 3017 401 3082; x_wconf 78' lang='lat' dir='ltr'><strong>Interrogavit</strong></span> <span class='ocrx_word' id='word_1_148' title='bbox 418 3017 568 3085; x_wconf 84' lang='lat' dir='ltr'><strong>ampliusne</strong></span> <span class='ocrx_word' id='word_1_149' title='bbox 586 3014 764 3065; x_wconf 86' lang='lat' dir='ltr'><strong>adversarias</strong></span> <span class='ocrx_word' id='word_1_150' title='bbox 779 3014 916 3062; x_wconf 82' lang='lat' dir='ltr'><strong>Valuisset</strong></span> <span class='ocrx_word' id='word_1_151' title='bbox 926 3031 1001 3062; x_wconf 84' lang='lat' dir='ltr'><strong>suas.</strong></span> <span class='ocrx_word' id='word_1_152' title='bbox 1020 3012 1085 3060; x_wconf 83' lang='lat' dir='ltr'><strong>Jtte:</strong></span> 
     </span>
     <span class='ocr_line' id='line_1_29' title="bbox 92 3081 1084 3149; baseline -0.004 -17"><span class='ocrx_word' id='word_1_153' title='bbox 92 3103 124 3133; x_wconf 89' lang='lat' dir='ltr'><strong>ne</strong></span> <span class='ocrx_word' id='word_1_154' title='bbox 141 3083 220 3134; x_wconf 85' lang='lat' dir='ltr'><strong>istud</strong></span> <span class='ocrx_word' id='word_1_155' title='bbox 235 3083 356 3149; x_wconf 48' lang='lat' dir='ltr'><strong>dixerim</strong></span> <span class='ocrx_word' id='word_1_156' title='bbox 372 3085 443 3134; x_wconf 85' lang='lat' dir='ltr'><strong>unde</strong></span> <span class='ocrx_word' id='word_1_157' title='bbox 463 3086 540 3135; x_wconf 80' lang='lat' dir='ltr'><strong>tecit:</strong></span> <span class='ocrx_word' id='word_1_158' title='bbox 559 3084 760 3149; x_wconf 75' lang='lat' dir='ltr'><strong>Interrogavit,</strong></span> <span class='ocrx_word' id='word_1_159' title='bbox 779 3100 816 3130; x_wconf 87' lang='lat' dir='ltr'><strong>on</strong></span> <span class='ocrx_word' id='word_1_160' title='bbox 831 3083 893 3148; x_wconf 83' lang='lat' dir='ltr'><strong>plus</strong></span> <span class='ocrx_word' id='word_1_161' title='bbox 906 3081 1084 3130; x_wconf 85' lang='lat' dir='ltr'><strong>adversarias</strong></span> 
     </span>
     <span class='ocr_line' id='line_1_30' title="bbox 92 3146 1085 3216; baseline -0.004 -16"><span class='ocrx_word' id='word_1_162' title='bbox 92 3152 167 3203; x_wconf 86' lang='lat' dir='ltr'><strong>Saus</strong></span> <span class='ocrx_word' id='word_1_163' title='bbox 186 3153 324 3204; x_wconf 79' lang='lat' dir='ltr'><strong>voluisset.</strong></span> <span class='ocrx_word' id='word_1_164' title='bbox 341 3153 391 3204; x_wconf 80' lang='lat' dir='ltr'><strong>tlte</strong></span> <span class='ocrx_word' id='word_1_165' title='bbox 409 3161 461 3203; x_wconf 88' lang='lat' dir='ltr'><strong>cet.</strong></span> <span class='ocrx_word' id='word_1_166' title='bbox 479 3183 512 3194; x_wconf 83' lang='lat'><em>-</em></span> <span class='ocrx_word' id='word_1_167' title='bbox 530 3169 559 3202; x_wconf 85' lang='lat' dir='ltr'><strong>v.</strong></span> <span class='ocrx_word' id='word_1_168' title='bbox 572 3153 597 3202; x_wconf 84' lang='lat'><strong>8.</strong></span> <span class='ocrx_word' id='word_1_169' title='bbox 614 3151 724 3202; x_wconf 89' lang='lat' dir='ltr'><strong>Bothius</strong></span> <span class='ocrx_word' id='word_1_170' title='bbox 737 3150 856 3215; x_wconf 78' lang='lat' dir='ltr'><strong>refingit:</strong></span> <span class='ocrx_word' id='word_1_171' title='bbox 873 3146 1085 3216; x_wconf 79' lang='lat' dir='ltr'><strong>Fet-endasfor·</strong></span> 
     </span>
     <span class='ocr_line' id='line_1_31' title="bbox 93 3217 1085 3286; baseline -0.002 -18"><span class='ocrx_word' id='word_1_172' title='bbox 93 3231 167 3268; x_wconf 84' lang='lat' dir='ltr'><strong>tasse</strong></span> <span class='ocrx_word' id='word_1_173' title='bbox 189 3239 274 3284; x_wconf 87' lang='lat' dir='ltr'><strong>esses,</strong></span> <span class='ocrx_word' id='word_1_174' title='bbox 303 3223 329 3273; x_wconf 88' lang='lat' dir='ltr'><strong>si</strong></span> <span class='ocrx_word' id='word_1_175' title='bbox 347 3235 371 3273; x_wconf 84' lang='lat' dir='ltr'><strong>te</strong></span> <span class='ocrx_word' id='word_1_176' title='bbox 395 3219 507 3271; x_wconf 79' lang='lat' dir='ltr'><strong>diceres.</strong></span> <span class='ocrx_word' id='word_1_177' title='bbox 526 3249 558 3259; x_wconf 91' lang='lat'>-</span> <span class='ocrx_word' id='word_1_178' title='bbox 577 3239 606 3270; x_wconf 87' lang='lat' dir='ltr'><strong>v.</strong></span> <span class='ocrx_word' id='word_1_179' title='bbox 624 3235 649 3285; x_wconf 84' lang='lat'><strong>9.</strong></span> <span class='ocrx_word' id='word_1_180' title='bbox 669 3219 737 3272; x_wconf 87' lang='lat' dir='ltr'><strong>Cod.</strong></span> <span class='ocrx_word' id='word_1_181' title='bbox 757 3217 920 3286; x_wconf 75' lang='lat' dir='ltr'><strong>Superesse,</strong></span> <span class='ocrx_word' id='word_1_182' title='bbox 946 3217 995 3286; x_wconf 82' lang='lat' dir='ltr'><strong>qai</strong></span> <span class='ocrx_word' id='word_1_183' title='bbox 1016 3229 1085 3267; x_wconf 80' lang='lat' dir='ltr'><strong>esset</strong></span> 
     </span>
     <span class='ocr_line' id='line_1_32' title="bbox 92 3288 1082 3355; baseline 0 -19"><span class='ocrx_word' id='word_1_184' title='bbox 92 3288 191 3338; x_wconf 83' lang='lat' dir='ltr'><strong>melior·</strong></span> <span class='ocrx_word' id='word_1_185' title='bbox 208 3291 321 3342; x_wconf 83' lang='lat' dir='ltr'><strong>viribus.</strong></span> <span class='ocrx_word' id='word_1_186' title='bbox 340 3290 455 3341; x_wconf 86' lang='lat' dir='ltr'><strong>Cassitus</strong></span> <span class='ocrx_word' id='word_1_187' title='bbox 472 3299 502 3340; x_wconf 87' lang='lat' dir='ltr'><strong>ut</strong></span> <span class='ocrx_word' id='word_1_188' title='bbox 517 3298 603 3340; x_wconf 86' lang='lat' dir='ltr'><strong>metro</strong></span> <span class='ocrx_word' id='word_1_189' title='bbox 621 3289 819 3338; x_wconf 77' lang='lat' dir='ltr'><strong>subvenIretur:</strong></span> <span class='ocrx_word' id='word_1_190' title='bbox 838 3290 907 3353; x_wconf 80' lang='lat' dir='ltr'><strong>Asta</strong></span> <span class='ocrx_word' id='word_1_191' title='bbox 926 3301 1082 3355; x_wconf 78' lang='lat' dir='ltr'><strong>sapor-asse.</strong></span> 
     </span>
     <span class='ocr_line' id='line_1_33' title="bbox 92 3346 986 3430; baseline -0.002 -24"><span class='ocrx_word' id='word_1_192' title='bbox 92 3357 252 3410; x_wconf 77' lang='lat' dir='ltr'><strong>IannelIIus:</strong></span> <span class='ocrx_word' id='word_1_193' title='bbox 269 3359 418 3430; x_wconf 82' lang='lat' dir='ltr'><strong>Superesse</strong></span> <span class='ocrx_word' id='word_1_194' title='bbox 437 3359 487 3428; x_wconf 79' lang='lat' dir='ltr'><strong>qai</strong></span> <span class='ocrx_word' id='word_1_195' title='bbox 494 3356 610 3426; x_wconf 65' lang='lat' dir='ltr'><strong>suisset.</strong></span> <span class='ocrx_word' id='word_1_196' title='bbox 621 3346 683 3406; x_wconf 55' lang='lat' dir='ltr'><strong>”Nos</strong></span> <span class='ocrx_word' id='word_1_197' title='bbox 699 3355 823 3404; x_wconf 86' lang='lat' dir='ltr'><strong>Bothium</strong></span> <span class='ocrx_word' id='word_1_198' title='bbox 841 3356 986 3422; x_wconf 83' lang='lat' dir='ltr'><strong>sequimur.</strong></span> 
     </span>
    </p>

    <p class='ocr_par' dir='ltr' id='par_1_18' title="bbox 57 3421 1090 3692">
     <span class='ocr_line' id='line_1_34' title="bbox 148 3421 1084 3491; baseline -0.005 -17"><span class='ocrx_word' id='word_1_199' title='bbox 148 3424 215 3476; x_wconf 74' lang='lat' dir='ltr'><strong>Fas.</strong></span> <span class='ocrx_word' id='word_1_200' title='bbox 233 3428 297 3491; x_wconf 88' lang='lat' dir='ltr'><strong>XII,</strong></span> <span class='ocrx_word' id='word_1_201' title='bbox 315 3445 344 3479; x_wconf 80' lang='lat' dir='ltr'><strong>tr.</strong></span> <span class='ocrx_word' id='word_1_202' title='bbox 361 3444 386 3478; x_wconf 82' lang='lat' dir='ltr'><strong>s.</strong></span> <span class='ocrx_word' id='word_1_203' title='bbox 406 3427 475 3479; x_wconf 87' lang='lat' dir='ltr'><strong>Cod.</strong></span> <span class='ocrx_word' id='word_1_204' title='bbox 493 3427 613 3476; x_wconf 83' lang='lat' dir='ltr'><strong>Accessit</strong></span> <span class='ocrx_word' id='word_1_205' title='bbox 630 3425 744 3474; x_wconf 82' lang='lat' dir='ltr'><strong>tentavit</strong></span> <span class='ocrx_word' id='word_1_206' title='bbox 761 3421 879 3478; x_wconf 85' lang='lat' dir='ltr'><strong>Cassitus</strong></span> <span class='ocrx_word' id='word_1_207' title='bbox 898 3432 924 3474; x_wconf 88' lang='lat' dir='ltr'><strong>ct</strong></span> <span class='ocrx_word' id='word_1_208' title='bbox 943 3421 1084 3474; x_wconf 86' lang='lat' dir='ltr'><strong>lonnelIius</strong></span> 
     </span>
     <span class='ocr_line' id='line_1_35' title="bbox 94 3489 1083 3566; baseline -0.002 -26"><span class='ocrx_word' id='word_1_209' title='bbox 94 3491 198 3543; x_wconf 82' lang='lat' dir='ltr'><strong>addunt</strong></span> <span class='ocrx_word' id='word_1_210' title='bbox 215 3499 340 3566; x_wconf 86' lang='lat' dir='ltr'><strong>copulam</strong></span> <span class='ocrx_word' id='word_1_211' title='bbox 356 3510 390 3558; x_wconf 87' lang='lat' dir='ltr'><strong>et,</strong></span> <span class='ocrx_word' id='word_1_212' title='bbox 407 3494 516 3546; x_wconf 87' lang='lat' dir='ltr'><strong>Bothius</strong></span> <span class='ocrx_word' id='word_1_213' title='bbox 534 3495 710 3562; x_wconf 74' lang='lat' dir='ltr'><strong>tentavitque.</strong></span> <span class='ocrx_word' id='word_1_214' title='bbox 729 3520 761 3530; x_wconf 91' lang='lat'>-</span> <span class='ocrx_word' id='word_1_215' title='bbox 779 3509 807 3542; x_wconf 87' lang='lat' dir='ltr'><strong>v.</strong></span> <span class='ocrx_word' id='word_1_216' title='bbox 818 3489 843 3556; x_wconf 77' lang='grc'><strong>4.</strong></span> <span class='ocrx_word' id='word_1_217' title='bbox 856 3493 923 3560; x_wconf 81' lang='lat' dir='ltr'><strong>qaia</strong></span> <span class='ocrx_word' id='word_1_218' title='bbox 937 3491 1005 3544; x_wconf 87' lang='lat' dir='ltr'><strong>Cod.</strong></span> <span class='ocrx_word' id='word_1_219' title='bbox 1015 3498 1083 3540; x_wconf 86' lang='lat' dir='ltr'><strong>teste</strong></span> 
     </span>
     <span class='ocr_line' id='line_1_36' title="bbox 93 3558 1090 3632; baseline 0.002 -26"><span class='ocrx_word' id='word_1_220' title='bbox 93 3558 238 3629; x_wconf 87' lang='lat' dir='ltr'><strong>Iannellio,</strong></span> <span class='ocrx_word' id='word_1_221' title='bbox 264 3581 350 3632; x_wconf 86' lang='lat' dir='ltr'><strong>neque</strong></span> <span class='ocrx_word' id='word_1_222' title='bbox 372 3582 434 3617; x_wconf 83' lang='lat' dir='ltr'><strong>vero</strong></span> <span class='ocrx_word' id='word_1_223' title='bbox 462 3581 543 3615; x_wconf 79' lang='lat' dir='ltr'><strong>raam</strong></span> <span class='ocrx_word' id='word_1_224' title='bbox 568 3563 766 3624; x_wconf 70' lang='lat' dir='ltr'><strong>semiramim,</strong></span> <span class='ocrx_word' id='word_1_225' title='bbox 791 3569 824 3612; x_wconf 82' lang='lat' dir='ltr'><strong>ut</strong></span> <span class='ocrx_word' id='word_1_226' title='bbox 843 3569 881 3614; x_wconf 84' lang='lat' dir='ltr'><strong>est</strong></span> <span class='ocrx_word' id='word_1_227' title='bbox 907 3561 936 3612; x_wconf 86' lang='lat' dir='ltr'><strong>iu</strong></span> <span class='ocrx_word' id='word_1_228' title='bbox 960 3559 1090 3626; x_wconf 76' lang='lat' dir='ltr'><strong>exemplo-</strong></span> 
     </span>
     <span class='ocr_line' id='line_1_37' title="bbox 57 3582 726 3692; baseline -0.006 -8"><span class='ocrx_word' id='word_1_229' title='bbox 57 3673 65 3684; x_wconf 73' lang='lat'><strong>.</strong></span> <span class='ocrx_word' id='word_1_230' title='bbox 95 3625 216 3681; x_wconf 83' lang='lat' dir='ltr'><strong>Burman.</strong></span> <span class='ocrx_word' id='word_1_231' title='bbox 234 3659 268 3673; x_wconf 92' lang='lat'>-</span> <span class='ocrx_word' id='word_1_232' title='bbox 284 3631 394 3685; x_wconf 80' lang='lat' dir='ltr'><strong>Bethius</strong></span> <span class='ocrx_word' id='word_1_233' title='bbox 410 3582 484 3685; x_wconf 71' lang='lat' dir='ltr'><strong>Male</strong></span> <span class='ocrx_word' id='word_1_234' title='bbox 502 3633 583 3684; x_wconf 84' lang='lat' dir='ltr'><strong>cessit</strong></span> <span class='ocrx_word' id='word_1_235' title='bbox 599 3630 663 3684; x_wconf 81' lang='lat' dir='ltr'><strong>mitt</strong></span> <span class='ocrx_word' id='word_1_236' title='bbox 678 3632 726 3692; x_wconf 71' lang='lat' dir='ltr'><strong>ait.</strong></span> 
     </span>
    </p>
   </div>
   <div class='ocr_carea' id='block_1_14' title="bbox 0 0 1328 4002">
    <p class='ocr_par' dir='ltr' id='par_1_19' title="bbox 0 0 1328 4002">
     <span class='ocr_line' id='line_1_38' title="bbox 0 0 1328 4002; baseline 0 0"><span class='ocrx_word' id='word_1_237' title='bbox 0 0 1328 4002; x_wconf 95' lang='lat' dir='ltr'><strong> </strong></span> 
     </span>
    </p>
   </div>
  </div>
 </body>
</html>
