2678 3978
188 399 294 474 ,XXIV
385 395 388 399 ⁸
568 409 646 456 vrrs
667 411 825 456 mutuus.

189 557 353 640 decrepita
377 555 490 618 litteris
512 555 710 635 consignasse
732 546 953 614 eristimandus
978 563 1036 615 est.
1077 551 1191 636 Neque

189 657 283 718 etiam
307 675 326 714 e
349 653 419 712 Lib.
440 654 489 712 ΙΙΙ.
511 653 548 712 F.
569 652 591 710 Ι.
612 650 675 711 hoc
695 663 765 712 tuto
788 649 874 711 eflici
902 669 998 730 posse
1020 663 1129 710 censet
1151 651 1190 713 cl.

187 747 360 818 Iacohs‘
352 769 385 808 ιιι
404 746 617 827 disputatione
641 747 681 808 de
706 745 951 810 Fabulatoribus
975 745 1109 821 Latinis,
1139 767 1190 805 su
1200 802 1202 806 ,

187 867 247 928 pra
274 845 368 905 citata
395 863 426 922 p.
448 843 498 904 33.
521 840 577 901 uhi
601 841 709 903 laudat
736 843 887 910 Funuci
910 842 1099 924 Apologiam
1129 863 1192 923 pro

185 941 389 1020 Phaedimop
410 937 460 998 36.
490 938 548 998 esti
569 925 768 1016 Phaedrum,
799 949 903 999 aetate
929 948 1137 1018 provectum,
1165 937 1192 996 si

187 1059 251 1100 non
271 1055 379 1098 omnes
400 1033 543 1112 fabulas,
567 1050 656 1100 certe
676 1049 817 1130 partem,
846 1030 1008 1111 scripsisse
1029 1045 1131 1114 putet.
1151 1067 1193 1079 -

267 1130 333 1190 Sub
354 1130 487 1193 Claudio
508 1133 691 1214 scripsisse,
712 1143 745 1191 ct
765 1101 823 1191 s'uh
846 1127 951 1189 Seiani
972 1129 1099 1190 nomine
1114 1133 1195 1190 Nar-

187 1229 303 1290 eissum
316 1226 553 1334 perstringere,
571 1229 753 1291 coniectura
770 1238 818 1288 est
836 1225 1139 1307 Cannegieteri.
1154 1226 1192 1305 o)

186 1322 258 1385 Non
286 1321 368 1382 enim
397 1325 661 1402 opportuniorem
682 1322 844 1399 licentiae,
878 1343 972 1404 quam
999 1318 1060 1382 sihi
1080 1320 1195 1380 sumsit

186 1415 369 1490 Phaedrus,
391 1413 497 1478 locum
517 1418 634 1497 fuisse,
656 1442 750 1503 quam
766 1420 824 1479 suh
841 1420 1035 1501 imperatore
1048 1415 1195 1494 Claudio,

187 1511 276 1571 cuius
298 1509 471 1572 stoliditate
493 1527 526 1575 et
546 1516 697 1596 patientia
717 1513 842 1596 plures,
861 1517 892 1576 in
916 1516 993 1577 locis
1021 1513 1115 1573 etiam
1133 1534 1197 1594 pu-

182 1604 276 1666 hlicis
298 1617 394 1688 atque
414 1609 445 1672 in
465 1610 558 1688 foro,
579 1613 641 1674 sint
661 1610 750 1670 abusi
771 1630 808 1670 re
828 1608 1004 1692 pariterue
1028 1609 1132 1671 verbis
1147 1609 1196 1668 in-

186 1701 275 1780 iurii3
304 1701 341 1783 p)
364 1701 503 1768 fabulam
525 1708 566 1770 de
585 1708 689 1790 tigillo
710 1726 806 1788 rego,
823 1700 1030 1770 ‘contumeliis
1051 1707 1192 1790 inquina-

186 1811 240 1877 τος
264 1799 338 1864 huic
361 1801 548 1884 imperatori
569 1824 638 1868 esse
663 1799 871 1882 aptissimam3
901 1804 1071 1864 convenire
1094 1803 1193 1864 etiam

185 1897 326 1978 tempori
346 1894 420 1959 huic
439 1900 663 1962 libertinorum
683 1896 866 1978 potentiam.
907 1898 985 1956 Nam
1001 1897 1193 1977 Eutychum,

185 1983 436 2068 Particulonem,
454 1993 631 2070 Philetum,
653 2012 733 2075 quos
755 1992 871 2052 amicos
887 2013 960 2053 suos
977 2003 1040 2055 non
1060 1993 1195 2055 inhono-

186 2101 272 2155 ratos
292 2087 401 2148 laudet
421 2087 604 2164 Phaedrus,
624 2087 791 2147 libertinos
815 2087 988 2148 arbitratur
1008 2088 1127 2166 fuisse,
1159 2089 1195 2150 id

188 2183 277 2267 quod
297 2182 425 2243 servilia
444 2183 570 2244 nomina
593 2181 623 2242 ei
642 2180 782 2241 indicare
803 2181 964 2243 ridentur.
1005 2185 1050 2244 At
1071 2185 1194 2245 verosi

188 2279 321 2340 Claudio
343 2278 519 2359 imperante
539 2277 685 2338 licentiae
706 2276 795 2337 locus
818 2277 896 2356 fuit3
930 2278 955 2338 si
980 2277 1011 2338 in
1034 2280 1191 2361 locispu·

187 2373 277 2436 blicis
300 2386 395 2456 atquo
416 2373 449 2435 iu
468 2371 542 2436 foro
562 2372 667 2449 licuit,
700 2370 848 2431 iniurium
870 2391 955 2432 esse:
987 2375 1042 2457 qui
1070 2394 1189 2457 quaeso

186 2470 257 2533 fieri
279 2471 402 2552 potuit,
427 2482 466 2531 ut
485 2469 628 2548 licentia,
658 2491 752 2554 quam
771 2466 830 2546 sihi
851 2481 1007 2530 sumserat
1027 2470 1192 2532 Phaedrus

139 2627 143 2636 ,
187 2566 265 2628 vitio
288 2567 318 2626 ei
341 2577 540 2642 verteretur,
560 2565 651 2648 isque
673 2584 819 2646 magnum
840 2563 913 2626 inde
942 2579 1071 2647 caperet
1094 2567 1194 2628 detri-
1222 2593 1225 2599 ¹

188 2658 353 2721 niernum?
394 2661 459 2726 Sed
486 2674 608 2736 tamen,
640 2657 875 2722 Particulonem
908 2675 1003 2745 atque
1031 2661 1193 2723 Philetum

189 2753 314 2816 Claudii
334 2752 432 2816 fuisse
453 2755 602 2847 libertos,
624 2771 686 2810 non
700 2754 799 2835 magis
813 2756 1013 2838 negaverim,
1034 2779 1127 2842 quam
1141 2760 1193 2819 Li·

187 2846 282 2908 hrum
302 2848 358 2912 IV
381 2861 414 2910 et
434 2849 475 2914 V
487 2846 667 2910 fabularum
679 2848 773 2909 hoc
756 2865 909 2932 segnante
925 2873 943 2912 a
957 2848 1105 2914 Phaedro
1120 2873 1194 2916 con·

188 2945 324 3025 scaptos
344 2943 454 3005 fuisse.

271 3041 338 3100 Cel.
361 3039 520 3116 Sarius,
551 3051 587 3100 ut
615 3056 801 3124 argumento
822 3044 907 3106 tituli
927 3044 1058 3125 Prolog.
1082 3045 1132 3106 Ill.
1154 3045 1194 3104 ad

187 3133 385 3214 Eutychum,
418 3136 565 3202 eumdem
585 3137 744 3219 fortassis,
777 3140 832 3228 qui
853 3138 1089 3230 potentissimus
1113 3141 1194 3202 Cali-

194 3287 376 3302 man—nnm-

238 3349 352 3417 o)Diss
373 3350 417 3403 cil.
437 3349 470 3400 de
489 3353 583 3406 Aetate
602 3355 835 3423 etStyloAvinni.
856 3375 882 3425 p.
902 3372 961 3424 270.
980 3375 1019 3427 s.q

238 3433 267 3508 p)
282 3437 408 3504 Exempla
427 3434 501 3488 dabit
519 3437 690 3492 Suetonius
684 3457 711 3490 m
731 3441 825 3494 Claud.
847 3443 912 3516 Cap.
932 3445 990 3497 XV.
