<?xml version="1.0" encoding="UTF-8"?>
<!DOCTYPE html PUBLIC "-//W3C//DTD XHTML 1.0 Transitional//EN"
    "http://www.w3.org/TR/xhtml1/DTD/xhtml1-transitional.dtd">
<html xmlns="http://www.w3.org/1999/xhtml" xml:lang="en" lang="en">
 <head>
  <title>
</title>
<meta http-equiv="Content-Type" content="text/html;charset=utf-8" />
  <meta name='ocr-system' content='tesseract 3.04.00' />
  <meta name='ocr-capabilities' content='ocr_page ocr_carea ocr_par ocr_line ocrx_word'/>
</head>
<body>
  <div class='ocr_page' id='page_1' title='image "./phaedriaugustil00aesogoog_0091.png"; bbox 0 0 2610 4002; ppageno 0'>
   <div class='ocr_carea' id='block_1_1' title="bbox 231 405 911 478">
    <p class='ocr_par' dir='ltr' id='par_1_1' title="bbox 231 405 911 478">
     <span class='ocr_line' id='line_1_1' title="bbox 231 405 911 478; baseline 0.001 -12"><span class='ocrx_word' id='word_1_1' title='bbox 231 405 271 478; x_wconf 69' lang='lat'><strong>54</strong></span> <span class='ocrx_word' id='word_1_2' title='bbox 542 421 689 466; x_wconf 75' lang='lat' dir='ltr'><strong>ananum</strong></span> <span class='ocrx_word' id='word_1_3' title='bbox 712 421 911 468; x_wconf 72' lang='lat' dir='ltr'><strong>sarmarum</strong></span> 
     </span>
    </p>
   </div>
   <div class='ocr_carea' id='block_1_2' title="bbox 186 561 1219 889">
    <p class='ocr_par' dir='ltr' id='par_1_2' title="bbox 232 561 1041 726">
     <span class='ocr_line' id='line_1_2' title="bbox 232 561 1041 708; baseline 0.006 -82"><span class='ocrx_word' id='word_1_4' title='bbox 232 566 335 708; x_wconf 41' lang='lat' dir='ltr'><strong>&amp;nam</strong></span> <span class='ocrx_word' id='word_1_5' title='bbox 358 573 488 650; x_wconf 79' lang='lat' dir='ltr'><strong>tangere</strong></span> <span class='ocrx_word' id='word_1_6' title='bbox 509 577 628 630; x_wconf 87' lang='lat' dir='ltr'><strong>utnon</strong></span> <span class='ocrx_word' id='word_1_7' title='bbox 654 566 772 705; x_wconf 78' lang='lat' dir='ltr'><strong>potuit,</strong></span> <span class='ocrx_word' id='word_1_8' title='bbox 796 565 961 627; x_wconf 82' lang='lat' dir='ltr'><strong>discedens</strong></span> <span class='ocrx_word' id='word_1_9' title='bbox 981 561 1041 631; x_wconf 70' lang='lat' dir='ltr'><strong>ait!</strong></span> 
     </span>
     <span class='ocr_line' id='line_1_3' title="bbox 262 645 1019 726; baseline -0.003 -18"><span class='ocrx_word' id='word_1_10' title='bbox 262 645 378 708; x_wconf 90' lang='lat' dir='ltr'><strong>ondum</strong></span> <span class='ocrx_word' id='word_1_11' title='bbox 397 659 518 710; x_wconf 84' lang='lat' dir='ltr'><strong>matura</strong></span> <span class='ocrx_word' id='word_1_12' title='bbox 537 659 601 726; x_wconf 88' lang='lat' dir='ltr'><strong>est,</strong></span> <span class='ocrx_word' id='word_1_13' title='bbox 620 668 661 707; x_wconf 91' lang='lat' dir='ltr'><strong>no</strong></span> <span class='ocrx_word' id='word_1_14' title='bbox 676 667 696 707; x_wconf 91' lang='lat' dir='ltr'><strong>o</strong></span> <span class='ocrx_word' id='word_1_15' title='bbox 717 647 864 708; x_wconf 86' lang='lat' dir='ltr'><strong>acerbam</strong></span> <span class='ocrx_word' id='word_1_16' title='bbox 884 666 1019 706; x_wconf 82' lang='lat' dir='ltr'><strong>sumere.</strong></span> 
     </span>
    </p>

    <p class='ocr_par' dir='ltr' id='par_1_3' title="bbox 186 725 1219 889">
     <span class='ocr_line' id='line_1_4' title="bbox 272 725 1219 818; baseline 0.003 -32"><span class='ocrx_word' id='word_1_17' title='bbox 272 727 354 818; x_wconf 78' lang='lat' dir='ltr'><strong>Qui,</strong></span> <span class='ocrx_word' id='word_1_18' title='bbox 374 725 482 791; x_wconf 84' lang='lat' dir='ltr'><strong>facere</strong></span> <span class='ocrx_word' id='word_1_19' title='bbox 550 749 668 790; x_wconf 91' lang='lat' dir='ltr'><strong>aenon</strong></span> <span class='ocrx_word' id='word_1_20' title='bbox 690 738 839 808; x_wconf 82' lang='lat' dir='ltr'><strong>possunt,</strong></span> <span class='ocrx_word' id='word_1_21' title='bbox 862 725 969 788; x_wconf 86' lang='lat' dir='ltr'><strong>verbis</strong></span> <span class='ocrx_word' id='word_1_22' title='bbox 990 727 1131 807; x_wconf 79' lang='lat' dir='ltr'><strong>elevant,</strong></span> <span class='ocrx_word' id='word_1_23' title='bbox 1200 727 1219 789; x_wconf 77' lang='lat'>5</span> 
     </span>
     <span class='ocr_line' id='line_1_5' title="bbox 186 804 962 889; baseline -0.013 -12"><span class='ocrx_word' id='word_1_24' title='bbox 186 873 191 882; x_wconf 81' lang='grc'>,</span> <span class='ocrx_word' id='word_1_25' title='bbox 231 806 405 877; x_wconf 66' lang='lat' dir='ltr'><strong>tactusve</strong></span> <span class='ocrx_word' id='word_1_26' title='bbox 424 807 488 876; x_wconf 85' lang='lat' dir='ltr'><strong>hoe</strong></span> <span class='ocrx_word' id='word_1_27' title='bbox 531 808 668 871; x_wconf 86' lang='lat' dir='ltr'><strong>ebebunt</strong></span> <span class='ocrx_word' id='word_1_28' title='bbox 691 808 870 889; x_wconf 84' lang='lat' dir='ltr'><strong>exemplum</strong></span> <span class='ocrx_word' id='word_1_29' title='bbox 893 804 962 870; x_wconf 89' lang='lat' dir='ltr'><strong>sibi.</strong></span> 
     </span>
    </p>
   </div>
   <div class='ocr_carea' id='block_1_3' title="bbox 516 1090 960 1298">
    <p class='ocr_par' dir='ltr' id='par_1_4' title="bbox 516 1090 960 1298">
     <span class='ocr_line' id='line_1_6' title="bbox 654 1090 803 1156; baseline -0.02 -1"><span class='ocrx_word' id='word_1_30' title='bbox 654 1090 803 1156; x_wconf 54' lang='lat' dir='ltr'><strong>ranulv.</strong></span> 
     </span>
     <span class='ocr_line' id='line_1_7' title="bbox 516 1229 960 1298; baseline 0.002 -17"><span class='ocrx_word' id='word_1_31' title='bbox 516 1229 686 1298; x_wconf 69' lang='lat' dir='ltr'>EQUUS</span> <span class='ocrx_word' id='word_1_32' title='bbox 721 1231 778 1284; x_wconf 80' lang='grc' dir='ltr'><strong>ΕΤ</strong></span> <span class='ocrx_word' id='word_1_33' title='bbox 815 1234 960 1286; x_wconf 62' lang='lat' dir='ltr'><strong>arua„</strong></span> 
     </span>
    </p>
   </div>
   <div class='ocr_carea' id='block_1_4' title="bbox 236 1349 1058 1682">
    <p class='ocr_par' dir='ltr' id='par_1_5' title="bbox 236 1349 1058 1682">
     <span class='ocr_line' id='line_1_8' title="bbox 236 1349 946 1438; baseline 0.006 -25"><span class='ocrx_word' id='word_1_34' title='bbox 236 1356 347 1438; x_wconf 82' lang='lat' dir='ltr'><strong>Equus</strong></span> <span class='ocrx_word' id='word_1_35' title='bbox 372 1350 484 1413; x_wconf 84' lang='lat' dir='ltr'><strong>sedare</strong></span> <span class='ocrx_word' id='word_1_36' title='bbox 504 1349 614 1412; x_wconf 78' lang='lat' dir='ltr'><strong>solitus</strong></span> <span class='ocrx_word' id='word_1_37' title='bbox 637 1373 701 1437; x_wconf 88' lang='lat' dir='ltr'><strong>quo</strong></span> <span class='ocrx_word' id='word_1_38' title='bbox 720 1350 827 1415; x_wconf 85' lang='lat' dir='ltr'><strong>fuerat</strong></span> <span class='ocrx_word' id='word_1_39' title='bbox 846 1357 946 1434; x_wconf 82' lang='lat' dir='ltr'><strong>sitim,</strong></span> 
     </span>
     <span class='ocr_line' id='line_1_9' title="bbox 236 1431 964 1525; baseline 0 -29"><span class='ocrx_word' id='word_1_40' title='bbox 236 1436 323 1496; x_wconf 90' lang='lat' dir='ltr'><strong>Dum</strong></span> <span class='ocrx_word' id='word_1_41' title='bbox 342 1451 412 1494; x_wconf 87' lang='lat' dir='ltr'><strong>sese</strong></span> <span class='ocrx_word' id='word_1_42' title='bbox 430 1451 508 1525; x_wconf 86' lang='lat' dir='ltr'><strong>aper</strong></span> <span class='ocrx_word' id='word_1_43' title='bbox 526 1432 663 1506; x_wconf 84' lang='lat' dir='ltr'><strong>volutat,</strong></span> <span class='ocrx_word' id='word_1_44' title='bbox 681 1431 820 1495; x_wconf 88' lang='lat' dir='ltr'><strong>tur-bavit</strong></span> <span class='ocrx_word' id='word_1_45' title='bbox 839 1436 964 1499; x_wconf 85' lang='lat' dir='ltr'><strong>vadum.</strong></span> 
     </span>
     <span class='ocr_line' id='line_1_10' title="bbox 236 1507 964 1594; baseline 0.001 -18"><span class='ocrx_word' id='word_1_46' title='bbox 236 1515 319 1578; x_wconf 88' lang='lat' dir='ltr'><strong>Hinc</strong></span> <span class='ocrx_word' id='word_1_47' title='bbox 339 1523 409 1574; x_wconf 88' lang='lat' dir='ltr'><strong>orta</strong></span> <span class='ocrx_word' id='word_1_48' title='bbox 431 1511 470 1571; x_wconf 79' lang='lat' dir='ltr'><strong>las</strong></span> <span class='ocrx_word' id='word_1_49' title='bbox 490 1521 546 1571; x_wconf 87' lang='lat' dir='ltr'><strong>est.</strong></span> <span class='ocrx_word' id='word_1_50' title='bbox 586 1507 737 1594; x_wconf 77' lang='lat' dir='ltr'>Sonipes,</span> <span class='ocrx_word' id='word_1_51' title='bbox 757 1513 855 1575; x_wconf 89' lang='lat' dir='ltr'><strong>iratus</strong></span> <span class='ocrx_word' id='word_1_52' title='bbox 874 1514 964 1594; x_wconf 83' lang='lat' dir='ltr'><strong>fero,</strong></span> 
     </span>
     <span class='ocr_line' id='line_1_11' title="bbox 236 1589 1058 1682; baseline 0.006 -29"><span class='ocrx_word' id='word_1_53' title='bbox 236 1593 396 1657; x_wconf 85' lang='lat' dir='ltr'><strong>Auxilium</strong></span> <span class='ocrx_word' id='word_1_54' title='bbox 437 1590 504 1653; x_wconf 89' lang='lat' dir='ltr'><strong>etiit</strong></span> <span class='ocrx_word' id='word_1_55' title='bbox 523 1589 675 1670; x_wconf 85' lang='lat' dir='ltr'><strong>hominis3</strong></span> <span class='ocrx_word' id='word_1_56' title='bbox 740 1613 791 1654; x_wconf 88' lang='lat' dir='ltr'><strong>em</strong></span> <span class='ocrx_word' id='word_1_57' title='bbox 814 1593 911 1660; x_wconf 82' lang='lat' dir='ltr'><strong>dorso</strong></span> <span class='ocrx_word' id='word_1_58' title='bbox 932 1596 1058 1682; x_wconf 81' lang='lat' dir='ltr'><strong>levans,</strong></span> 
     </span>
    </p>
   </div>
   <div class='ocr_carea' id='block_1_5' title="bbox 236 1613 1093 1998">
    <p class='ocr_par' dir='ltr' id='par_1_6' title="bbox 236 1613 1093 1998">
     <span class='ocr_line' id='line_1_12' title="bbox 236 1613 1005 1758; baseline 0.003 -22"><span class='ocrx_word' id='word_1_59' title='bbox 236 1673 343 1736; x_wconf 79' lang='lat' dir='ltr'>Rediit</span> <span class='ocrx_word' id='word_1_60' title='bbox 363 1671 403 1733; x_wconf 90' lang='lat' dir='ltr'><strong>ad</strong></span> <span class='ocrx_word' id='word_1_61' title='bbox 446 1682 556 1735; x_wconf 83' lang='lat' dir='ltr'><strong>ostem.</strong></span> <span class='ocrx_word' id='word_1_62' title='bbox 596 1672 687 1735; x_wconf 86' lang='lat' dir='ltr'><strong>laetis</strong></span> <span class='ocrx_word' id='word_1_63' title='bbox 696 1613 791 1734; x_wconf 48' lang='lat' dir='ltr'><strong>‘iluna</strong></span> <span class='ocrx_word' id='word_1_64' title='bbox 809 1675 881 1736; x_wconf 87' lang='lat' dir='ltr'><strong>telis</strong></span> <span class='ocrx_word' id='word_1_65' title='bbox 905 1696 1005 1758; x_wconf 85' lang='lat' dir='ltr'><strong>eques</strong></span> 
     </span>
     <span class='ocr_line' id='line_1_13' title="bbox 236 1751 992 1842; baseline 0.001 -25"><span class='ocrx_word' id='word_1_66' title='bbox 236 1755 410 1842; x_wconf 85' lang='lat' dir='ltr'><strong>Postquam</strong></span> <span class='ocrx_word' id='word_1_67' title='bbox 427 1751 602 1827; x_wconf 73' lang='lat' dir='ltr'><strong>interfecit,</strong></span> <span class='ocrx_word' id='word_1_68' title='bbox 628 1753 673 1814; x_wconf 85' lang='lat' dir='ltr'><strong>sic</strong></span> <span class='ocrx_word' id='word_1_69' title='bbox 693 1752 818 1822; x_wconf 87' lang='lat' dir='ltr'><strong>locutus</strong></span> <span class='ocrx_word' id='word_1_70' title='bbox 840 1754 992 1818; x_wconf 85' lang='lat' dir='ltr'><strong>traditur:</strong></span> 
     </span>
     <span class='ocr_line' id='line_1_14' title="bbox 236 1832 1049 1915; baseline -0.002 -19"><span class='ocrx_word' id='word_1_71' title='bbox 236 1836 373 1910; x_wconf 83' lang='lat' dir='ltr'><strong>Laetor,</strong></span> <span class='ocrx_word' id='word_1_72' title='bbox 395 1835 501 1903; x_wconf 85' lang='lat' dir='ltr'><strong>tulisse</strong></span> <span class='ocrx_word' id='word_1_73' title='bbox 526 1832 673 1898; x_wconf 80' lang='lat' dir='ltr'><strong>auxilium</strong></span> <span class='ocrx_word' id='word_1_74' title='bbox 693 1853 743 1900; x_wconf 85' lang='lat' dir='ltr'><strong>me</strong></span> <span class='ocrx_word' id='word_1_75' title='bbox 764 1833 914 1915; x_wconf 82' lang='lat' dir='ltr'><strong>precihus</strong></span> <span class='ocrx_word' id='word_1_76' title='bbox 937 1837 1017 1915; x_wconf 82' lang='lat' dir='ltr'><strong>tuis3</strong></span> <span class='ocrx_word' id='word_1_77' title='bbox 1047 1887 1049 1894; x_wconf 88' lang='grc'><em>,</em></span> 
     </span>
     <span class='ocr_line' id='line_1_15' title="bbox 237 1911 1093 1998; baseline 0.007 -23"><span class='ocrx_word' id='word_1_78' title='bbox 237 1916 316 1982; x_wconf 88' lang='lat' dir='ltr'><strong>Nam</strong></span> <span class='ocrx_word' id='word_1_79' title='bbox 337 1912 486 1996; x_wconf 80' lang='lat' dir='ltr'><strong>praedam</strong></span> <span class='ocrx_word' id='word_1_80' title='bbox 506 1914 594 1996; x_wconf 86' lang='lat' dir='ltr'><strong>cepi,</strong></span> <span class='ocrx_word' id='word_1_81' title='bbox 615 1923 645 1974; x_wconf 87' lang='lat' dir='ltr'><strong>et</strong></span> <span class='ocrx_word' id='word_1_82' title='bbox 665 1911 777 1990; x_wconf 87' lang='lat' dir='ltr'><strong>didici,</strong></span> <span class='ocrx_word' id='word_1_83' title='bbox 800 1936 894 1998; x_wconf 88' lang='lat' dir='ltr'><strong>quam</strong></span> <span class='ocrx_word' id='word_1_84' title='bbox 914 1916 955 1978; x_wconf 88' lang='lat' dir='ltr'><strong>sis</strong></span> <span class='ocrx_word' id='word_1_85' title='bbox 976 1916 1093 1996; x_wconf 73' lang='lat' dir='ltr'><strong>utilis,‚</strong></span> 
     </span>
    </p>
   </div>
   <div class='ocr_carea' id='block_1_6' title="bbox 238 1991 983 2313">
    <p class='ocr_par' dir='ltr' id='par_1_7' title="bbox 238 1991 906 2078">
     <span class='ocr_line' id='line_1_16' title="bbox 238 1991 906 2078; baseline 0.003 -24"><span class='ocrx_word' id='word_1_86' title='bbox 238 1996 345 2078; x_wconf 85' lang='lat' dir='ltr'><strong>Atque</strong></span> <span class='ocrx_word' id='word_1_87' title='bbox 366 1995 408 2054; x_wconf 89' lang='lat' dir='ltr'><strong>ita</strong></span> <span class='ocrx_word' id='word_1_88' title='bbox 427 1993 531 2076; x_wconf 62' lang='lat' dir='ltr'><strong>optigit</strong></span> <span class='ocrx_word' id='word_1_89' title='bbox 553 1991 663 2062; x_wconf 78' lang='lat' dir='ltr'><strong>frenos</strong></span> <span class='ocrx_word' id='word_1_90' title='bbox 682 1992 813 2054; x_wconf 82' lang='lat' dir='ltr'><strong>invitum</strong></span> <span class='ocrx_word' id='word_1_91' title='bbox 833 1995 906 2075; x_wconf 90' lang='lat' dir='ltr'><strong>pati.</strong></span> 
     </span>
    </p>

    <p class='ocr_par' dir='ltr' id='par_1_8' title="bbox 239 2071 983 2140">
     <span class='ocr_line' id='line_1_17' title="bbox 239 2071 983 2140; baseline 0.005 -6"><span class='ocrx_word' id='word_1_92' title='bbox 239 2077 323 2136; x_wconf 81' lang='lat' dir='ltr'><strong>Tum</strong></span> <span class='ocrx_word' id='word_1_93' title='bbox 340 2083 477 2140; x_wconf 76' lang='lat' dir='ltr'><strong>maestus</strong></span> <span class='ocrx_word' id='word_1_94' title='bbox 500 2071 574 2133; x_wconf 84' lang='lat' dir='ltr'><strong>ille:</strong></span> <span class='ocrx_word' id='word_1_95' title='bbox 598 2073 721 2133; x_wconf 80' lang='lat' dir='ltr'><strong>Parvae</strong></span> <span class='ocrx_word' id='word_1_96' title='bbox 744 2071 913 2136; x_wconf 84' lang='lat' dir='ltr'><strong>vindictam</strong></span> <span class='ocrx_word' id='word_1_97' title='bbox 933 2077 983 2138; x_wconf 87' lang='lat' dir='ltr'><strong>rei</strong></span> 
     </span>
    </p>

    <p class='ocr_par' dir='ltr' id='par_1_9' title="bbox 239 2150 978 2313">
     <span class='ocr_line' id='line_1_18' title="bbox 239 2150 978 2240; baseline 0.004 -27"><span class='ocrx_word' id='word_1_98' title='bbox 239 2153 326 2222; x_wconf 82' lang='lat' dir='ltr'><strong>Dum</strong></span> <span class='ocrx_word' id='word_1_99' title='bbox 345 2171 465 2240; x_wconf 84' lang='lat' dir='ltr'><strong>quaero</strong></span> <span class='ocrx_word' id='word_1_100' title='bbox 488 2150 632 2226; x_wconf 90' lang='lat' dir='ltr'><strong>demens,</strong></span> <span class='ocrx_word' id='word_1_101' title='bbox 656 2150 840 2214; x_wconf 85' lang='lat' dir='ltr'><strong>servitutem</strong></span> <span class='ocrx_word' id='word_1_102' title='bbox 860 2157 978 2238; x_wconf 86' lang='lat' dir='ltr'><strong>reperi,</strong></span> 
     </span>
     <span class='ocr_line' id='line_1_19' title="bbox 280 2228 903 2313; baseline 0.003 -21"><span class='ocrx_word' id='word_1_103' title='bbox 280 2233 368 2301; x_wconf 86' lang='lat' dir='ltr'><strong>Haec</strong></span> <span class='ocrx_word' id='word_1_104' title='bbox 391 2229 560 2292; x_wconf 87' lang='lat' dir='ltr'><strong>iracundos</strong></span> <span class='ocrx_word' id='word_1_105' title='bbox 580 2228 760 2290; x_wconf 79' lang='lat' dir='ltr'><strong>admonebit</strong></span> <span class='ocrx_word' id='word_1_106' title='bbox 779 2230 903 2313; x_wconf 87' lang='lat' dir='ltr'><strong>fabula,</strong></span> 
     </span>
    </p>
   </div>
   <div class='ocr_carea' id='block_1_7' title="bbox 239 2309 1046 2405">
    <p class='ocr_par' dir='ltr' id='par_1_10' title="bbox 239 2309 1046 2405">
     <span class='ocr_line' id='line_1_20' title="bbox 239 2309 1046 2405; baseline -0.026 -22"><span class='ocrx_word' id='word_1_107' title='bbox 239 2314 370 2405; x_wconf 77' lang='lat' dir='ltr'><strong>Impone</strong></span> <span class='ocrx_word' id='word_1_108' title='bbox 389 2309 494 2404; x_wconf 80' lang='lat' dir='ltr'><strong>potius</strong></span> <span class='ocrx_word' id='word_1_109' title='bbox 517 2309 617 2390; x_wconf 87' lang='lat' dir='ltr'><strong>laedi,</strong></span> <span class='ocrx_word' id='word_1_110' title='bbox 637 2331 731 2396; x_wconf 89' lang='lat' dir='ltr'><strong>quam</strong></span> <span class='ocrx_word' id='word_1_111' title='bbox 754 2310 829 2374; x_wconf 87' lang='lat' dir='ltr'><strong>dedi</strong></span> <span class='ocrx_word' id='word_1_112' title='bbox 848 2315 948 2389; x_wconf 62' lang='lat' dir='ltr'><strong>alteri¹</strong></span> <span class='ocrx_word' id='word_1_113' title='bbox 1044 2355 1046 2362; x_wconf 93' lang='lat'><em>.</em></span> 
     </span>
    </p>
   </div>
   <div class='ocr_carea' id='block_1_8' title="bbox 638 2467 872 2488">
    <p class='ocr_par' dir='ltr' id='par_1_11' title="bbox 638 2467 872 2488">
     <span class='ocr_line' id='line_1_21' title="bbox 638 2467 872 2488; baseline 0 -8"><span class='ocrx_word' id='word_1_114' title='bbox 638 2467 826 2488; x_wconf 50' lang='grc' dir='ltr'>Ἣ</span> <span class='ocrx_word' id='word_1_115' title='bbox 868 2469 872 2486; x_wconf 76' lang='grc' dir='ltr'>Ι</span> 
     </span>
    </p>
   </div>
   <div class='ocr_carea' id='block_1_9' title="bbox 668 2589 808 2656">
    <p class='ocr_par' dir='ltr' id='par_1_12' title="bbox 668 2589 808 2656">
     <span class='ocr_line' id='line_1_22' title="bbox 668 2589 808 2656; baseline 0 -2"><span class='ocrx_word' id='word_1_116' title='bbox 668 2609 744 2656; x_wconf 74' lang='lat' dir='ltr'><strong>raa.</strong></span> <span class='ocrx_word' id='word_1_117' title='bbox 767 2589 808 2656; x_wconf 88' lang='lat' dir='ltr'><strong>V.</strong></span> 
     </span>
    </p>
   </div>
   <div class='ocr_carea' id='block_1_10' title="bbox 610 2697 867 2802">
    <p class='ocr_par' dir='ltr' id='par_1_13' title="bbox 610 2697 867 2802">
     <span class='ocr_line' id='line_1_23' title="bbox 610 2697 867 2802; baseline -0.023 -2"><span class='ocrx_word' id='word_1_118' title='bbox 610 2697 867 2802; x_wconf 71' lang='lat' dir='ltr'><strong>rossa,</strong></span> 
     </span>
    </p>
   </div>
   <div class='ocr_carea' id='block_1_11' title="bbox 211 2855 1270 3289">
    <p class='ocr_par' dir='ltr' id='par_1_14' title="bbox 211 2855 1270 3289">
     <span class='ocr_line' id='line_1_24' title="bbox 211 2855 1096 2942; baseline 0.005 -24"><span class='ocrx_word' id='word_1_119' title='bbox 211 2911 214 2918; x_wconf 92' lang='lat'><em>.</em></span> <span class='ocrx_word' id='word_1_120' title='bbox 242 2855 319 2928; x_wconf 72' lang='lat' dir='ltr'><strong>Plus</strong></span> <span class='ocrx_word' id='word_1_121' title='bbox 342 2873 412 2917; x_wconf 83' lang='lat' dir='ltr'><strong>asae</strong></span> <span class='ocrx_word' id='word_1_122' title='bbox 432 2855 463 2916; x_wconf 79' lang='lat' dir='ltr'><strong>iu</strong></span> <span class='ocrx_word' id='word_1_123' title='bbox 484 2875 548 2922; x_wconf 90' lang='lat' dir='ltr'><strong>uno</strong></span> <span class='ocrx_word' id='word_1_124' title='bbox 571 2873 683 2937; x_wconf 85' lang='lat' dir='ltr'><strong>saepe,</strong></span> <span class='ocrx_word' id='word_1_125' title='bbox 705 2877 799 2940; x_wconf 88' lang='lat' dir='ltr'><strong>quam</strong></span> <span class='ocrx_word' id='word_1_126' title='bbox 822 2857 854 2919; x_wconf 89' lang='lat' dir='ltr'><strong>in</strong></span> <span class='ocrx_word' id='word_1_127' title='bbox 872 2857 981 2942; x_wconf 72' lang='lat' dir='ltr'><strong>aspha,</strong></span> <span class='ocrx_word' id='word_1_128' title='bbox 1003 2855 1096 2940; x_wconf 84' lang='lat' dir='ltr'><strong>boni,</strong></span> 
     </span>
     <span class='ocr_line' id='line_1_25' title="bbox 242 2933 1063 3006; baseline -0.007 0"><span class='ocrx_word' id='word_1_129' title='bbox 242 2937 429 3006; x_wconf 75' lang='lat' dir='ltr'><strong>Narratione</strong></span> <span class='ocrx_word' id='word_1_130' title='bbox 472 2933 584 2997; x_wconf 85' lang='lat' dir='ltr'><strong>esteris</strong></span> <span class='ocrx_word' id='word_1_131' title='bbox 606 2933 726 2997; x_wconf 85' lang='lat' dir='ltr'><strong>tradam</strong></span> <span class='ocrx_word' id='word_1_132' title='bbox 747 2937 848 3000; x_wconf 86' lang='lat' dir='ltr'><strong>brevi.</strong></span> <span class='ocrx_word' id='word_1_133' title='bbox 1059 2961 1063 2968; x_wconf 89' lang='lat'><em>·</em></span> 
     </span>
     <span class='ocr_line' id='line_1_26' title="bbox 283 2954 1045 3102; baseline 0.003 -24"><span class='ocrx_word' id='word_1_134' title='bbox 283 3015 419 3102; x_wconf 81' lang='lat' dir='ltr'><strong>Quidam</strong></span> <span class='ocrx_word' id='word_1_135' title='bbox 439 2954 597 3080; x_wconf 68' lang='lat' dir='ltr'><strong>decedens</strong></span> <span class='ocrx_word' id='word_1_136' title='bbox 616 3025 681 3080; x_wconf 88' lang='lat' dir='ltr'><strong>tros</strong></span> <span class='ocrx_word' id='word_1_137' title='bbox 701 3017 831 3101; x_wconf 85' lang='lat' dir='ltr'><strong>reliquit</strong></span> <span class='ocrx_word' id='word_1_138' title='bbox 848 3015 943 3080; x_wconf 83' lang='lat' dir='ltr'><strong>filias:</strong></span> <span class='ocrx_word' id='word_1_139' title='bbox 1042 3017 1045 3023; x_wconf 74' lang='grc'><strong>“</strong></span> 
     </span>
     <span class='ocr_line' id='line_1_27' title="bbox 242 3093 1039 3177; baseline 0.008 -23"><span class='ocrx_word' id='word_1_140' title='bbox 242 3093 342 3162; x_wconf 84' lang='lat' dir='ltr'><strong>Unam</strong></span> <span class='ocrx_word' id='word_1_141' title='bbox 364 3093 554 3171; x_wconf 74' lang='lat' dir='ltr'><strong>formosam,</strong></span> <span class='ocrx_word' id='word_1_142' title='bbox 574 3106 606 3154; x_wconf 88' lang='lat' dir='ltr'><strong>et</strong></span> <span class='ocrx_word' id='word_1_143' title='bbox 626 3095 726 3157; x_wconf 91' lang='lat' dir='ltr'><strong>oculis</strong></span> <span class='ocrx_word' id='word_1_144' title='bbox 746 3109 911 3160; x_wconf 87' lang='lat' dir='ltr'><strong>venantem</strong></span> <span class='ocrx_word' id='word_1_145' title='bbox 934 3097 1039 3177; x_wconf 79' lang='lat' dir='ltr'><strong>viros3</strong></span> 
     </span>
     <span class='ocr_line' id='line_1_28' title="bbox 243 3168 1270 3289; baseline 0.014 -58"><span class='ocrx_word' id='word_1_146' title='bbox 243 3175 286 3241; x_wconf 76' lang='lat' dir='ltr'><strong>At</strong></span> <span class='ocrx_word' id='word_1_147' title='bbox 304 3174 432 3244; x_wconf 76' lang='lat' dir='ltr'><strong>alteram</strong></span> <span class='ocrx_word' id='word_1_148' title='bbox 451 3171 603 3246; x_wconf 84' lang='lat' dir='ltr'><strong>lanificam</strong></span> <span class='ocrx_word' id='word_1_149' title='bbox 627 3185 659 3246; x_wconf 83' lang='lat' dir='ltr'><strong>et</strong></span> <span class='ocrx_word' id='word_1_150' title='bbox 678 3174 782 3268; x_wconf 78' lang='lat' dir='ltr'><strong>frugi,</strong></span> <span class='ocrx_word' id='word_1_151' title='bbox 803 3179 952 3246; x_wconf 85' lang='lat' dir='ltr'><strong>rusticam</strong></span> <span class='ocrx_word' id='word_1_152' title='bbox 959 3199 969 3258; x_wconf 82' lang='lat'><em>3</em></span> <span class='ocrx_word' id='word_1_153' title='bbox 1207 3168 1224 3244; x_wconf 71' lang='grc'>5</span> <span class='ocrx_word' id='word_1_154' title='bbox 1269 3213 1270 3289; x_wconf 30' lang='lat' dir='ltr'><strong>p</strong></span> 
     </span>
    </p>
   </div>
   <div class='ocr_carea' id='block_1_12' title="bbox 247 3312 438 3336">
    <p class='ocr_par' dir='ltr' id='par_1_15' title="bbox 247 3312 438 3336">
     <span class='ocr_line' id='line_1_29' title="bbox 247 3312 438 3336; baseline 0.005 -11"><span class='ocrx_word' id='word_1_155' title='bbox 247 3312 438 3336; x_wconf 43' lang='grc' dir='ltr'><strong>Μ</strong></span> 
     </span>
    </p>
   </div>
   <div class='ocr_carea' id='block_1_13' title="bbox 246 3380 1222 3520">
    <p class='ocr_par' dir='ltr' id='par_1_16' title="bbox 246 3380 1222 3520">
     <span class='ocr_line' id='line_1_30' title="bbox 297 3380 1222 3448; baseline -0.003 -12"><span class='ocrx_word' id='word_1_156' title='bbox 297 3380 437 3448; x_wconf 65' lang='lat' dir='ltr'><strong>tae-lv,</strong></span> <span class='ocrx_word' id='word_1_157' title='bbox 453 3399 482 3432; x_wconf 81' lang='lat' dir='ltr'><strong>v·</strong></span> <span class='ocrx_word' id='word_1_158' title='bbox 502 3383 527 3438; x_wconf 86' lang='grc'><strong>5.</strong></span> <span class='ocrx_word' id='word_1_159' title='bbox 544 3385 584 3437; x_wconf 80' lang='lat' dir='ltr'><strong>Ita</strong></span> <span class='ocrx_word' id='word_1_160' title='bbox 600 3383 669 3438; x_wconf 87' lang='lat' dir='ltr'><strong>Edd.</strong></span> <span class='ocrx_word' id='word_1_161' title='bbox 686 3405 786 3444; x_wconf 80' lang='lat' dir='ltr'><strong>omues.</strong></span> <span class='ocrx_word' id='word_1_162' title='bbox 807 3387 860 3444; x_wconf 77' lang='lat' dir='ltr'><strong>sad</strong></span> <span class='ocrx_word' id='word_1_163' title='bbox 878 3389 904 3438; x_wconf 89' lang='lat' dir='ltr'><strong>in</strong></span> <span class='ocrx_word' id='word_1_164' title='bbox 923 3387 992 3440; x_wconf 85' lang='lat' dir='ltr'><strong>cod.</strong></span> <span class='ocrx_word' id='word_1_165' title='bbox 1018 3385 1100 3448; x_wconf 74' lang='lat' dir='ltr'><strong>Radit</strong></span> <span class='ocrx_word' id='word_1_166' title='bbox 1118 3384 1156 3446; x_wconf 78' lang='lat' dir='ltr'><strong>ad</strong></span> <span class='ocrx_word' id='word_1_167' title='bbox 1167 3383 1222 3446; x_wconf 69' lang='lat' dir='ltr'><strong>Isos·</strong></span> 
     </span>
     <span class='ocr_line' id='line_1_31' title="bbox 246 3450 914 3520; baseline 0.015 -22"><span class='ocrx_word' id='word_1_168' title='bbox 246 3463 296 3514; x_wconf 64' lang='lat' dir='ltr'><strong>um</strong></span> <span class='ocrx_word' id='word_1_169' title='bbox 313 3450 409 3506; x_wconf 73' lang='lat' dir='ltr'><strong>dactus.</strong></span> <span class='ocrx_word' id='word_1_170' title='bbox 427 3450 514 3506; x_wconf 77' lang='lat' dir='ltr'><strong>Iactis</strong></span> <span class='ocrx_word' id='word_1_171' title='bbox 532 3459 583 3502; x_wconf 85' lang='lat' dir='ltr'><strong>etc.</strong></span> <span class='ocrx_word' id='word_1_172' title='bbox 602 3470 677 3504; x_wconf 82' lang='lat' dir='ltr'><strong>sensu</strong></span> <span class='ocrx_word' id='word_1_173' title='bbox 696 3456 765 3506; x_wconf 79' lang='lat' dir='ltr'><strong>iusto</strong></span> <span class='ocrx_word' id='word_1_174' title='bbox 782 3457 914 3520; x_wconf 78' lang='lat' dir='ltr'><strong>longiore.</strong></span> 
     </span>
    </p>
   </div>
   <div class='ocr_carea' id='block_1_14' title="bbox 202 3515 1222 3592">
    <p class='ocr_par' dir='ltr' id='par_1_17' title="bbox 202 3515 1222 3592">
     <span class='ocr_line' id='line_1_32' title="bbox 202 3515 1222 3592; baseline -0.01 -14"><span class='ocrx_word' id='word_1_175' title='bbox 202 3578 205 3586; x_wconf 79' lang='grc'>,</span> <span class='ocrx_word' id='word_1_176' title='bbox 299 3516 366 3577; x_wconf 60' lang='grc' dir='ltr'><strong>Μ,</strong></span> <span class='ocrx_word' id='word_1_177' title='bbox 384 3515 423 3590; x_wconf 66' lang='lat' dir='ltr'><strong>V,</strong></span> <span class='ocrx_word' id='word_1_178' title='bbox 440 3530 470 3574; x_wconf 71' lang='lat' dir='ltr'><strong>v·</strong></span> <span class='ocrx_word' id='word_1_179' title='bbox 487 3517 512 3576; x_wconf 70' lang='lat'><strong>5·</strong></span> <span class='ocrx_word' id='word_1_180' title='bbox 530 3517 597 3586; x_wconf 72' lang='lat' dir='ltr'><strong>dlii,</strong></span> <span class='ocrx_word' id='word_1_181' title='bbox 615 3528 644 3580; x_wconf 64' lang='lat' dir='ltr'><strong>ut</strong></span> <span class='ocrx_word' id='word_1_182' title='bbox 662 3523 842 3582; x_wconf 71' lang='lat' dir='ltr'><strong>Desbillouius</strong></span> <span class='ocrx_word' id='word_1_183' title='bbox 861 3523 1026 3590; x_wconf 65' lang='lat' dir='ltr'><strong>coniungunt</strong></span> <span class='ocrx_word' id='word_1_184' title='bbox 1043 3521 1222 3592; x_wconf 67' lang='lat' dir='ltr'><strong>ptsrpgiras·</strong></span> 
     </span>
    </p>
   </div>
   <div class='ocr_carea' id='block_1_15' title="bbox 0 0 1323 4002">
    <p class='ocr_par' dir='ltr' id='par_1_18' title="bbox 0 0 1323 4002">
     <span class='ocr_line' id='line_1_33' title="bbox 0 0 1323 4002; baseline 0 0"><span class='ocrx_word' id='word_1_185' title='bbox 0 0 1323 4002; x_wconf 95' lang='lat' dir='ltr'><strong> </strong></span> 
     </span>
    </p>
   </div>
  </div>
 </body>
</html>
