2610 4002
413 474 479 524 am.
498 457 552 538 lV,
573 461 770 543 aaa.,6·-7.

508 604 582 680 ria.
602 619 670 682 vu.

458 748 479 798 P
515 748 539 796 0
575 750 596 798 E
632 751 654 798 T
689 747 720 796 A.

93 864 164 937 Tu,
183 862 254 944 qui,
277 871 404 942 nasute,
425 861 541 942 scripta
563 861 730 945 destringis
750 883 846 942 mea,.

91 942 139 1021 Et
160 941 222 1001 hoe
245 941 390 1004 iocorum
409 944 517 1024 legere
543 942 664 1002 fastidis
689 963 803 1025 genus,

91 1023 197 1082 Parva
217 1021 360 1083 libellum
384 1024 500 1082 sustine
521 1023 685 1103 patientia,
747 1061 750 1072 ·

91 1099 304 1162 Severitatem
325 1102 437 1166 frontis
462 1103 537 1162 dum
559 1105 651 1184 place
673 1115 765 1178 tuae,

31 1188 34 1190 ’
80 1183 137 1240 ‘Et
157 1177 194 1240 in'
211 1181 370 1244 cothurnis
391 1182 501 1265 prodit
520 1183 665 1265 Aesopus
684 1184 782 1244 novis.

89 1261 217 1320 Utinam
236 1282 295 1322 nec
314 1284 451 1347 unquam
474 1264 556 1325 Pelii
575 1265 713 1325 nemoris
734 1263 810 1346 iugo

90 1340 190 1402 Pinus
208 1343 338 1423 bipenni
363 1344 550 1406 concidisset
570 1343 734 1404 Thessala!

89 1422 160 1480 Nee
182 1422 220 1481 ad
239 1422 404 1504 professae
427 1424 538 1485 mortis
562 1424 712 1484 audacem
732 1425 815 1487 riam

90 1500 292 1562 Fabricasset
314 1504 419 1586 Argus
445 1524 544 1586 opere
563 1503 704 1566 Palladio
726 1505 841 1567 ratem!

90 1579 290 1663 Inhospitalis
311 1584 413 1665 prima
434 1590 521 1668 quae'
537 1585 632 1645 Ponti
653 1585 737 1644 sinus
1024 1641 1031 1658 ,
1052 1605 1087 1650 ιο

92 1661 266 1739 Patefecit,
282 1663 322 1736 ,in
344 1665 518 1745 perniciem
540 1663 670 1724 Graiiam
690 1674 722 1724 et
743 1661 928 1725 Barbarirm.

92 1742 235 1823 Namque
257 1754 290 1803 et
312 1744 442 1826 superbi
465 1744 554 1827 luget
578 1743 697 1804 Aeetae
721 1744 851 1821 domus,

91 1821 135 1879 Et
157 1843 254 1904 regna
272 1825 380 1884 Peliae
404 1824 526 1886 scelere
547 1824 679 1885 Medeae
702 1824 820 1888 iacent:

94 1900 202 2040 quae,
226 1913 356 1967 sacrum
375 1904 534 1988 ingenium
555 1904 650 1966 variis
673 1901 976 1986 involvens'modIS‚

92 1981 160 2042 llic
181 2004 241 2064 per
263 1995 348 2044 artus
369 1984 477 2046 fratris
499 1985 648 2066 explicuit
668 1984 777 2067 fugam
784 2005 794 2062 3
1051 1984 1087 2047 15

90 2061 154 2122 Hic
177 2065 273 2124 caede
296 2065 394 2158 patris
418 2048 583 2125 Peliadum
606 2063 717 2126 infecit
736 2084 854 2125 manus.

88 2141 180 2284 guid
201 2143 258 2204 tibi
279 2143 429 2208 v1detur?
469 2148 541 2207 Hoc
563 2166 693 2230 quoque
717 2146 870 2207 insulsum
889 2154 953 2224 est,
973 2142 1034 2225 aia,

119 2223 252 2307 alsoque
276 2225 393 2290 dictum
400 2248 410 2305 3
430 2226 525 2309 longe
546 2227 619 2309 quia
638 2226 796 2290 vetustior

89 2305 201 2384 Aegea
221 2305 321 2367 Minos
346 2308 444 2367 classe
465 2306 648 2388 perdomuit
668 2306 768 2384 freta,

89 2387 240 2466 Iustoque
262 2385 431 2448 vindicarit
454 2387 781 2468 exemploimpetum.
826 2409 829 2420 ·
947 2435 949 2448 .
1048 2402 1087 2444 20

90 2463 179 2560 Quid
206 2484 286 2546 ergo
306 2485 436 2602 possum
455 2465 563 2524 facere
583 2465 656 2542 tibi,
678 2468 781 2526 lector
806 2468 900 2542 Catu,
944 2488 950 2506 ·

90 2547 127 2606 Si
146 2564 206 2604 nec
226 2544 313 2605 sabel
327 2566 362 2606 ae
386 2556 417 2605 te
441 2545 563 2620 iuvant,
587 2564 646 2604 nec
671 2543 819 2607 fabulae?

91 2624 167 2686 Noli
190 2625 341 2685 molestus
364 2647 433 2686 esse
453 2624 579 2687 omnino
600 2623 718 2702 literis,

91 2705 245 2766 Maiorem
270 2704 434 2767 exhibeant
457 2726 497 2765 ne
521 2705 580 2764 tibi
603 2704 789 2766 molestiam.

131 2787 203 2846 Hoc
225 2784 285 2845 illis
311 2785 515 2862 dictumest,
540 2785 596 2868 qui
616 2784 746 2845 stultitia
768 2796 933 2863 nauseant,
979 2781 980 2787 '
1049 2780 1088 2842 25

91 2867 151 2943 Et,
173 2877 209 2926 ut
231 2876 382 2946 putentur
401 2886 532 2950 sapere,
553 2866 678 2928 coelum
697 2866 885 2948 vituperant
969 2881 972 2890 ¹

140 3089 208 3140 Fab.
226 3090 288 3154 VII,
306 3105 335 3138 v.
355 3089 379 3139 3.
398 3087 491 3140 Parva
510 3087 593 3140 edidit
609 3089 712 3158 primus
722 3087 815 3152 Rigalt.
828 3083 877 3135 Ed.
890 3085 924 3135 ΙΙ.
938 3101 1015 3152 quem
1030 3099 1087 3134 om·

92 3175 139 3208 nes
158 3158 214 3208 sere
234 3166 388 3226 sequuntur.
406 3159 439 3207 In
455 3157 522 3207 Cod.
540 3157 610 3207 Pith.
630 3159 689 3206 Par
704 3155 821 3206 libellam
831 3189 840 3214 ,
867 3153 939 3204 unde
961 3152 1087 3202 Pithoeus

92 3226 194 3276 Parum
212 3227 292 3292 fecit,
311 3225 500 3278 Rittershusius
518 3227 645 3276 Parrum.
663 3253 695 3264 -
713 3241 741 3274 v.
764 3240 802 3274 12.
817 3220 1086 3274 EmendavitPitboe·

93 3310 136 3358 us;
162 3295 189 3343 in
208 3294 275 3345 Cod.
294 3304 381 3346 aetate
399 3293 505 3344 domas.
522 3322 556 3332 -
574 3312 602 3343 v.
623 3294 664 3344 25.
683 3291 850 3342 Rittershusii
872 3290 996 3342 dedimus
1021 3305 1086 3340 eon·

92 3363 233 3427 iecturam3
253 3379 314 3412 nam
332 3364 359 3412 in
373 3363 441 3414 Cod.
453 3362 522 3414 Pith.
541 3371 596 3414 est:
615 3365 666 3432 qui
676 3361 820 3412 stultitiam
835 3361 978 3410 nauseant.
992 3357 1089 3434 Rigalt

93 3428 140 3479 Ed.
157 3430 192 3480 ΙΙ,
210 3432 238 3480 si
254 3433 305 3500 qui
318 3431 401 3484 stata
416 3441 560 3484 nauseant.
578 3431 733 3484 Desbillon.'
746 3429 917 3481 coniectura:
941 3427 995 3496 qui
1007 3423 1086 3476 stulta

95 3500 174 3549 etiam
193 3511 335 3552 nauseant.

489 3621 689 3640 unu—nn·—
773 3626 776 3633 .
