2610 4002
480 501 554 544 rsa.
573 483 674 546 5—62

81 649 165 708 Usus
187 647 365 723 bonorum,
377 644 428 706 ‘nil
450 642 659 723 sed'possunt
678 650 821 725 tangere.

81 727 178 788 Urnis
200 726 355 787 scelestae
377 723 533 784 Danaides
554 734 682 804 portant
702 745 814 807 aquas,

81 809 222 868 Pertusa
244 825 304 866 nec
326 805 488 898 complere
509 814 642 883 possunt
660 803 758 864 dolia:
841 815 843 822 “

81 889 167 963 lma,
189 886 336 947 luxuriae
358 883 510 967 qu1cquid
534 883 677 960 dedere,
696 879 835 976 perfluit.

80 969 208 1028 Novem
229 976 398 1047 porrectus
422 965 530 1044 Tityos
554 974 602 1023 est
621 983 681 1045 per
701 983 827 1046 rugare,

82 1047 182 1107 Tristi
202 1057 348 1106 renatum
367 1064 540 1128 suggerens
561 1062 682 1125 poenae
702 1043 808 1106 iecur:

82 1127 157 1205 Quo
203 1126 253 1186 uis
273 1125 424 1186 maiorem
444 1123 587 1207 possidet
606 1135 712 1184 terrae
734 1123 857 1200 locum,

81 1210 155 1267 Hoc
177 1150 413 1266 demonstratur
434 1225 509 1264 cura
532 1204 670 1287 graviori
690 1200 783 1263 affici.

122 1285 279 1347 Consulto
300 1285 433 1348 involvit
455 1284 620 1346 veritatem
640 1283 823 1365 antiquitas,

82 1369 124 1428 Ut
146 1367 272 1448 sapiens
292 1364 501 1448 intelligeret,
523 1376 646 1426 erraret
663 1363 761 1426 rudis.
811 1401 813 1410 ι

503 1657 658 1722 ras.VI.

328 1789 331 1794 ’
424 1792 738 1844 AUCTOR.

395 1915 441 1974 De
468 1912 586 1973 oraculo
615 1913 765 1993 Apollinis.

84 2039 198 2102 Utilius
219 2040 309 2102 nobis
332 2041 410 2125 quid
430 2042 485 2120 sit,
503 2041 570 2118 dic,
594 2040 743 2119 Phoebe,
765 2039 920 2120 obsecro,

84 2121 150 2199 Qui
170 2120 315 2203 Delphos
338 2135 371 2183 et
391 2121 568 2184 formosum
585 2124 773 2183 Parnassum
793 2122 916 2185 incolis.
934 2154 974 2168 —-·

85 2201 173 2340 Quid
194 2201 229 2261 id
247 2201 317 2262 est?
338 2203 486 2264 Sacratae
507 2203 586 2265 vatis
611 2201 801 2264 horrescunt
821 2221 948 2281 comae,

108 2281 245 2365 'ripodes
265 2297 451 2365 moventur,
470 2281 572 2366 mugit
591 2282 692 2364 'adytis
715 2282 846 2366 religio,

86 2433 264 2448 ψ

88 2551 120 2563 —-
134 2541 163 2573 v.
183 2537 222 2572 12.
240 2522 297 2571 Imo
312 2517 383 2577 Cod.
403 2520 478 2589 quod
495 2521 611 2572 Cassitus
629 2531 655 2573 et
671 2523 814 2574 Iannellius
829 2521 963 2590 accipiunt
981 2539 1011 2572 ea
1025 2523 1076 2590 sig·

88 2592 256 2656 nificatione,
275 2600 305 2640 ut
322 2592 435 2656 siti.q.
445 2588 568 2658 fundas.
603 2590 657 2641 Sed
678 2593 776 2642 rectius
800 2591 910 2640 fortasse
930 2591 1078 2657 accipiatur

88 2675 138 2725 pro
159 2659 285 2711 adverbio
302 2662 366 2723 illo,
386 2660 458 2726 quod
474 2660 512 2710 sic
529 2661 556 2708 in
576 2661 743 2710 correctione
759 2666 913 2724 usurpatur,
938 2666 968 2706 ut
987 2675 1078 2708 sensus

88 2728 134 2780 sit:
160 2745 225 2776 num
247 2745 307 2779 vere
326 2727 398 2778 dolia
420 2728 447 2776 in
467 2726 516 2777 hae
531 2729 682 2778 nauatione
698 2724 868 2792 intelligenda
890 2742 946 2775 esse
966 2718 1078 2779 censes?

88 2793 172 2846 Immo
191 2797 296 2846 luxuria
309 2794 476 2862 significatur.
491 2795 616 2847 Bothius:
631 2796 707 2844 Illico
722 2795 857 2844 luxuriae.
871 2820 903 2831 —
915 2807 943 2842 v.
961 2796 998 2844 15.
1011 2794 1078 2845 Cod.

89 2863 219 2913 mendose
235 2865 295 2927 Quo
332 2865 437 2931 uisque.
454 2863 609 2913 Emendavit
626 2864 749 2913 Cassitus.
764 2890 798 2900 -
813 2879 842 2912 v.
863 2863 902 2912 18.
918 2862 1033 2913 Cassitus
1051 2863 1079 2913 in

90 2931 137 2979 Ed.
154 2932 191 2980 III
206 2938 232 2981 et
247 2931 292 2982 IV.
308 2881 415 2982 Uedicis
435 2930 502 2983 hanc
524 2933 670 2982 lectionem
689 2933 823 2998 sequitur,
847 2932 977 3003 proponit
990 2940 1079 2982 tamen

90 3001 284 3050 coniecturam:
299 3015 332 3048 ne
345 3005 467 3059 erraret,
485 3016 518 3050 eo
534 3016 625 3051 sensu:
641 3016 674 3050 ne
690 3007 832 3067 peccarent
845 2998 942 3064 rudes,
959 3007 1040 3066 utque
1053 3000 1079 3048 in

90 3075 161 3116 recta
177 3070 270 3118 semita
285 3068 494 3122 continerentur.
527 3067 635 3118 Bothius
655 3069 735 3120 metri
752 3083 832 3119 causa
850 3069 1014 3135 transpositis
1031 3085 1078 3118 ve·

90 3133 191 3184 sabulis
208 3135 322 3204 Sapiens
338 3146 368 3186 ut
384 3135 552 3201 intelligeret.
1144 3181 1146 3184 -

138 3202 208 3253 Fal.
225 3205 276 3267 vl,
303 3222 332 3254 v.
356 3222 378 3255 1.
406 3204 507 3254 Utilius
529 3203 597 3255 Cod.
618 3201 740 3271 anthius,
765 3203 885 3256 cuicum
907 3203 1019 3253 arativus
1035 3202 1079 3256 hic

90 3281 145 3318 non
159 3270 249 3325 locum
264 3267 363 3325 habere
378 3272 498 3336 videtur,
519 3272 624 3322 Utibile.
644 3301 678 3312 -
698 3291 727 3323 v.
743 3274 766 3322 3.
782 3273 822 3320 Ita
839 3221 955 3321 Bothius.
974 3270 1078 3325 Codex:

93 3335 197 3402 Qu.d.
210 3351 335 3390 sacratae
349 3349 403 3393 cet.
419 3357 478 3391 cum
497 3343 571 3406 signo
590 3340 803 3408 interrogationis
823 3347 885 3406 post
907 3336 973 3388 dies.
993 3338 1078 3390 Cassi-

91 3410 148 3455 tus:
168 3409 276 3472 Quaeso
294 3408 331 3459 id.
348 3410 492 3460 lannellius
513 3410 540 3458 in
555 3425 602 3458 sua
616 3408 729 3459 Phaedri
749 3407 797 3458 Ed.
819 3406 934 3456 ineolis:
960 3407 1078 3470 Quando

92 3487 218 3525 sacratae
241 3475 315 3526 Vatis
339 3477 666 3528 horrescuntcomae.1n
681 3479 750 3527 notis
766 3475 800 3526 ad
817 3474 941 3525 Codicem
960 3476 1078 3528 Perotti-

89 3554 151 3589 num
170 3546 298 3614 proponit
315 3546 410 3600 etiam:
427 3544 504 3614 Quid
513 3543 593 3598 modo
606 3556 732 3596 sacratae
745 3545 787 3598 vel
803 3561 887 3614 qaum
900 3541 990 3595 modo.
