2610 4002
567 479 716 526 Puteum
738 478 939 523 eunomus!

662 638 739 682 ran.
760 619 842 686 vlu.

532 756 960 808 V1ruuuru1um
1020 729 1023 736 ’

251 881 485 945 Mordaciorem
506 878 562 963 qui
580 878 622 937 im
647 876 728 939 robo
753 878 847 938 dente
867 875 1003 960 appetit,

251 965 324 1025 Hoc
344 985 378 1022 ar
401 970 528 1022 umento
550 977 585 1018 se
631 957 747 1018 eseribi
769 958 888 1032 sentiat.

250 1079 252 1086 ‹
292 1045 327 1103 In
348 983 505 1104 oliiuinam
524 1037 610 1100 fabri
632 1038 719 1100 venit
738 1040 868 1120 vipera:

249 1124 357 1200 Haec,
382 1142 479 1206 quum
497 1129 647 1192 tentaret,
668 1119 694 1179 si
720 1139 855 1202 quares
877 1128 960 1179 esset
980 1115 1060 1194 cibi,

252 1201 374 1262 Limam
393 1200 572 1262 momordit
611 1199 667 1258 Illa
691 1211 801 1262 eontra
822 1211 1007 1272 contumax,

252 1282 341 1428 guid
360 1300 428 1356 me,
452 1279 568 1374 inquit,
592 1278 700 1356 stulta,
725 1278 819 1340 dente
845 1300 880 1340 ca
903 1290 949 1338 tas
973 1275 1121 1356 laedere,

284 1382 356 1424 mne
377 1363 500 1425 assuevl
522 1360 645 1422 ferrum
667 1367 747 1442 q'uae
773 1299 971 1422 corroriirre?

671 1629 748 1672 rau.
774 1609 829 1671 1x.

518 1745 680 1800 vuur1s
714 1748 768 1799 ur
802 1743 977 1798 u1ucus.
1043 1809 1048 1816 .

206 1911 213 1936 -,
252 1875 359 1934 Homo
381 1871 413 1932 in
432 1869 590 1953 periclum
610 1869 702 1932 simul
723 1887 760 1930 ao
781 1868 869 1932 venit
888 1865 1036 1944 callidus,

251 1955 301 2014 Re
326 1951 410 2013 erire
430 1950 497 2012 effu
519 1951 584 2012 ium
604 1950 731 2012 alterius
753 1947 875 2036 quaerit
897 1947 990 2007 malo.

292 1975 400 2119 {uum
421 1973 590 2092 deciiisset
610 2030 714 2112 vulpis
737 2031 769 2090 in
792 2039 924 2111 puteum
944 2025 1057 2104 inscia,

251 2112 296 2171 Et
317 2111 428 2170 altiore
453 2109 657 2170 clauderetur
678 2110 835 2192 margine,

251 2188 391 2252 Devenit
409 2187 518 2247 hircus
539 2189 644 2250 sitiens
669 2188 701 2249 in
724 2190 859 2252 eundem
881 2187 986 2252 locum
993 2209 1004 2267 3

252 2267 352 2328 Simul
372 2266 513 2348 rogavit,
534 2280 618 2346 esset
637 2290 676 2328 an
696 2269 796 2330 dulcis
817 2269 940 2351 liquor,

251 2349 296 2410 Et
319 2344 488 2429 copiosus?
527 2349 583 2408 Illa
606 2348 751 2410 fraudem
774 2348 923 2412 moliens:

251 2427 437 2505 Descende,
461 2428 576 2502 amice,
597 2440 681 2490 tanta
701 2429 822 2494 bonitas
848 2440 894 2488 est
916 2447 1033 2516 aquae,

251 2510 406 2590 Voluptas
425 2518 460 2568 ut
482 2509 586 2570 satiari
609 2532 672 2573 non
695 2511 795 2592 possit
815 2528 893 2573 mea.
1021 2529 1030 2567 r

251 2589 380 2654 Immisit
401 2608 435 2649 se
459 2588 616 2650 barbatus.
657 2595 739 2650 Tum
760 2591 813 2652 vul
839 2587 929 2654 ecula

251 2669 360 2730 Evasit
377 2672 492 2752 puteo,'
515 2669 586 2730 nixa
606 2671 698 2731 celsis
721 2611 885 2748 cornilius,

251 2750 449 2836 Hircumque
473 2745 580 2814 clauso
604 2751 697 2838 liquit
719 2750 902 2814 haerentem
926 2750 1016 2816 rado.

652 2883 843 2894 ⁸-—

680 2999 757 3042 ω.
777 2981 816 3043 X.

500 3115 552 3166 DE
587 3115 734 3167 VlTIIS
769 3117 989 3171 ΗΟΜΙΝῘΙΜ.Ι

250 3226 347 3286 Peras
366 3228 517 3314 imposuit
535 3228 656 3312 Iupiter
676 3231 766 3292 nohis
787 3232 881 3298 duas:

264 3359 440 3374 ἢ

298 3432 464 3518 ηαβνῌῐ,
483 3451 512 3484 v.
530 3435 556 3501 4.
574 3437 695 3518 Heinsius
713 3439 784 3491 coni.
801 3444 827 3493 si
842 3457 897 3520 quo
915 3457 976 3509 spes
997 3452 1065 3519 esset
1082 3440 1144 3491 cibi.

301 3500 366 3549 rat.
385 3499 440 3565 Ili,
456 3517 485 3550 v.
507 3518 528 3552 1.
546 3505 584 3553 De
601 3514 728 3558 varietate
743 3511 865 3560 lectionis
885 3509 925 3557 Cf.
944 3509 1054 3558 Desbtll.
1079 3507 1114 3558 ad
1143 3507 1231 3556 calcem

212 3621 216 3628 ,
254 3567 331 3652 huius
349 3567 391 3622 ed.
402 3589 443 3608 ¹-
461 3584 490 3617 v.
508 3583 533 3618 u.
551 3575 661 3637 quaerit
678 3576 791 3626 alterius
810 3576 845 3628 ob
862 3583 977 3625 metrum
996 3576 1067 3626 coni.
1087 3573 1194 3626 Bentlei.
