2610 4002
234 463 274 528 92
536 458 647 502 nom
669 458 713 500 ΔΙ)
738 458 928 502 ruiturum.

366 601 470 672 inquit,
488 611 515 656 et
531 603 584 656 hoc
596 601 686 656 studio
699 617 795 672 prorue
812 601 878 654 iacis
888 635 932 657 ...
950 600 1029 654 Unde
1041 602 1160 672 petitum

371 673 429 724 Hoc
441 673 470 723 in
483 689 527 723 me
544 662 627 724 iacis?

235 739 268 795 Ei
283 739 343 797 Lib.
361 755 386 792 n.
402 741 458 792 Sat.
475 755 500 791 o.
521 741 554 793 V.
567 755 612 806 99.

537 843 545 858 .
580 844 587 859 .
624 841 632 856 .
666 840 673 855 .
709 805 1048 875 Iure‚inquit‚'i'rmsius
1063 806 1122 860 iotis

373 877 497 944 iurgatur
512 875 614 928 verbis:
631 891 681 940 ego
695 873 831 940 vectigalia
845 890 958 941 mogun,

370 946 478 998 Divitias
497 944 582 995 habco
599 943 685 994 tribus
697 941 921 1011 'amplioregibus
932 977 940 992 .
950 979 977 993 ..
994 943 1078 1010 Ergo,
1101 1004 1103 1010 Ι

298 1073 302 1082 1
370 1012 453 1080 Quod
467 1020 587 1081 superat,
603 1017 730 1074 nonest,
749 1010 843 1061 melius
860 1027 914 1079 quo
931 1009 1064 1064 insumere
1075 999 1185 1082 possis?

236 1081 335 1134 Cicero
352 1080 444 1134 defin.
460 1081 559 1132 bonor.
575 1087 602 1132 et
617 1080 680 1130 mai.
693 1078 755 1130 Lib.
771 1075 796 1143 4.
813 1095 872 1148 cop.
887 1094 929 1128 un.
943 1080 992 1130 sub
1007 1080 1052 1130 iin.
1074 1075 1155 1144 Quid
1169 1087 1226 1125 ton·

236 1147 296 1201 dem
307 1150 410 1202 talibus
423 1149 491 1200 viris
504 1167 548 1200 res
569 1145 703 1198 underes?
715 1145 850 1213 Rogarem
864 1155 898 1208 te,
912 1148 1014 1218 inquit,
1028 1145 1171 1198 utdi'ceres
1180 1151 1225 1194 etc.

235 1217 365 1288 Exempla
388 1165 571 1270 huiuscemodi
595 1216 735 1267 innumera
751 1215 821 1282 opud
838 1215 970 1267 ductores
987 1217 1108 1284 antiquos
1125 1213 1224 1282 reperi·
1275 1266 1276 1271 ,

236 1294 331 1352 untur3
347 1303 398 1338 nec
409 1285 532 1337 dubitare
545 1287 626 1348 lieet,
655 1283 721 1351 quin
734 1283 847 1334 maxime
859 1285 955 1334 usitato
969 1286 1014 1336 illo
1026 1283 1107 1334 suerit
1116 1285 1225 1349 loqueu-

236 1353 265 1404 di
283 1355 408 1406 formula.
432 1352 526 1404 Sedet
541 1353 637 1422 proin
657 1351 743 1412 uitis,
761 1352 803 1402 vei
820 1353 964 1422 inquisitor,
984 1351 1179 1421 usurpabatur,
1199 1353 1223 1398 ui

236 1439 280 1472 me
301 1424 390 1489 legere
410 1422 517 1472 memini
538 1419 611 1489 opud
632 1368 792 1471 dicerenem
814 1428 841 1470 et
862 1422 938 1472 ulios.
973 1423 1050 1471 Tunc
1072 1420 1154 1486 igitur
1173 1428 1224 1466 ser·

236 1505 318 1540 mono
337 1490 412 1556 quusi
436 1488 552 1556 obrupto
573 1488 705 1556 scriptor,
729 1495 853 1539 oratorve
867 1505 959 1540 secum
973 1489 1065 1556 loqui,
1083 1496 1111 1538 et
1123 1501 1176 1568 pro
1186 1485 1223 1533 io·

236 1559 314 1627 φάε,
330 1557 515 1626 relinquitis,
532 1558 575 1609 vel
590 1557 735 1625 inquiunt,
752 1555 843 1607 dicere
856 1556 997 1608 videbatur
1010 1558 1040 1606 in
1061 1557 1103 1606 uit
1117 1554 1172 1614 rto,
1188 1550 1222 1600 vel

237 1629 330 1675 eorum
342 1624 444 1695 ois'qnis
460 1641 528 1693 quoe
543 1624 651 1694 quidem
664 1619 759 1691 agendi
769 1624 839 1674 ratio
854 1622 936 1677 habet
949 1625 1035 1694 uliqui'
1061 1620 1223 1684 concitatius,

237 1709 318 1764 quam
333 1694 444 1748 sirecte
461 1693 555 1746 ordine
569 1709 656 1746 serum
669 1693 879 1745 continuaretur.

582 1838 622 1904 V.
643 1841 673 1904 5.
697 1835 797 1903 officii
815 1839 879 1899 mei

237 1961 309 2013 Haec
324 1968 362 2012 est
378 1963 459 2014 lectio
472 1961 604 2020 Codicum
622 1970 650 2013 et
660 1959 815 2011 Editionum
832 1959 950 2011 omnium
965 1969 1100 2014 veterum:
1119 1954 1221 2013 cuiusin
1277 1975 1279 1978 ·

236 2031 328 2082 iocum
341 2029 465 2081 substitui
480 2029 578 2098 orffrciis
594 2032 666 2092 meis,
682 2029 790 2079 minime
807 2030 985 2081 necessarium
998 2029 1061 2083 suit:
1074 2045 1137 2081 nom
1147 2029 1220 2079 borae

237 2105 402 2148 momentum
423 2097 520 2163 officii,
547 2099 620 2149 idem
637 2107 678 2149 est
695 2113 742 2160 ac,
761 2095 844 2149 borne
863 2104 1028 2148 momentum
1048 2097 1123 2165 quod
1140 2093 1220 2148 officio

238 2163 363 2232 debetur.
400 2163 513 2228 Cicero,
528 2165 561 2216 nd
575 2166 630 2215 Ait.
644 2167 676 2216 L.
697 2178 737 2214 ια.
755 2163 804 2231 Ep.
825 2166 849 2218 5.
884 2166 977 2235 Neque
998 2167 1068 2214 enim
1084 2167 1142 2216 ulia
1159 2165 1221 2216 hora

238 2231 282 2280 tui
294 2229 362 2301 mibi
375 2241 415 2279 ert
433 2249 449 2280 o
470 2232 525 2281 eris
546 2234 652 2299 ignota.
688 2231 832 2299 Scioppius
854 2231 888 2285 de
909 2235 971 2285 stilo
989 2233 1087 2284 Hister.
1109 2251 1169 2303 pag.
1185 2231 1221 2293 57·

236 2296 307 2350 Edit.
323 2297 396 2351 1658.
415 2299 439 2348 O
471 2300 541 2350 cium
554 2317 605 2369 pro
618 2299 756 2366 dignitate,
774 2297 827 2354 eive
840 2317 962 2366 munere,
977 2317 1032 2351 non
1043 2301 1096 2353 dici
1111 2301 1144 2352 eb
1158 2301 1221 2352 Auc-

237 2366 342 2418 toribus
357 2367 448 2416 aetatis
465 2383 561 2420 aureae
573 2365 727 2420 contendit:
745 2367 811 2418 Cum
823 2367 899 2439 apud
909 2371 1033 2439 priores,
1050 2367 1150 2437 inquit,
1169 2361 1221 2436 offi-
1279 2373 1280 2378 ’

239 2435 309 2487 cium
325 2432 396 2484 nibil
410 2434 503 2498 alind,
519 2453 600 2507 quom
614 2436 657 2497 id,
675 2435 752 2505 quod
765 2435 854 2498 decet,
870 2437 1055 2508 significarit,-
1071 2445 1223 2488 mortemer

238 2503 316 2556 offen
334 2506 454 2572 exemplu
470 2505 603 2571 Caesaris,
620 2507 665 2556 nbi
682 2505 799 2558 officium
812 2523 862 2574 pro
874 2522 985 2557 munere
997 2503 1171 2573 significando
1181 2499 1222 2554 ad·

238 2570 358 2624 bibetur:
382 2575 418 2622 Ac
434 2571 556 2636 videtur,
575 2577 677 2642 inquit,
694 2575 781 2641 magis
792 2593 844 2643 pro
864 2575 1043 2634 Castrorum,
1066 2591 1147 2643 quom
1159 2573 1222 2623 nos·

239 2651 346 2690 trorum
362 2641 556 2692 consuetudine
571 2654 742 2712 usurpatum.
777 2643 850 2693 Dixit
865 2651 954 2694 tumen
975 2642 1073 2692 Cicero
1091 2651 1159 2695 oret.
1177 2651 1223 2709 pro

238 2707 361 2773 Fonteio,
383 2725 442 2777 cup.
460 2726 485 2776 7.
503 2713 572 2762 sotis
587 2713 656 2772 erit,
669 2709 700 2761 id
711 2708 788 2780 quod
801 2709 862 2760 deici
870 2721 968 2776 antec,
986 2724 1043 2762 nort
1060 2709 1222 2761 surdnm'iu·

237 2774 322 2829 dicem
335 2775 400 2829 duic
410 2779 520 2831 muneri
531 2789 614 2848 utque
627 2777 717 2848 officio
736 2796 869 2850 praeesse.

457 2925 498 2992 V.
518 2945 566 2989 no.
585 2938 675 2988 natus
700 2925 759 2988 sim
777 2945 880 3010 paene
900 2923 1010 2990 schola

238 3045 331 3098 Lectio
357 3047 403 3098 illa
432 3059 472 3100 est
488 3050 625 3118 utriusque
643 3050 766 3116 Codicis,
785 3049 923 3101 Pithoeani
942 3055 968 3100 et
982 3047 1131 3100 Remensis:
1151 3043 1222 3120 quio

238 3115 382 3182 pleraeque
405 3116 535 3169 editiones
555 3120 730 3170 retinuerunt.
765 3120 971 3186 Hoogstratunus
990 3126 1096 3179 autem,
1117 3115 1161 3183 qni
1182 3113 1221 3163 init

182 3194 189 3206 ·
238 3181 374 3260 positione
395 3187 462 3236 nolit
480 3185 586 3237 extendi
604 3188 731 3258 syllabam
747 3197 842 3238 natum
858 3201 905 3236 sua
922 3185 1045 3236 brevem:
1068 3183 1221 3239 consulant,

239 3248 338 3314 inquit,
357 3267 439 3303 «iures
456 3272 537 3318 sues,
553 3256 602 3324 qui
614 3257 712 3306 Morus
727 3257 805 3306 tracti
820 3267 885 3306 sunt
892 3251 1031 3322 foventes.
1066 3249 1151 3303 Aures
1170 3263 1221 3300 suat

239 3317 429 3371 consuluerunt
446 3323 494 3372 viri
513 3331 539 3374 et
557 3323 655 3374 eruditi
674 3331 700 3376 et
717 3325 798 3375 Musis
819 3323 910 3387 amici3
937 3329 1016 3388 utque
1032 3321 1220 3379 intellexeruub

238 3383 360 3436 ultimum
378 3386 403 3436 in
413 3404 481 3456 noce
489 3407 573 3458 paene
584 3393 713 3458 syllabam
728 3392 841 3458 duobus,
859 3407 926 3459 quae
941 3389 1149 3455 subsequuntur,
1164 3401 1219 3438 con·

239 3453 395 3503 sonantibus
411 3457 546 3519 sustiueri,
571 3467 599 3510 et
616 3470 689 3511 recte
727 3460 838 3524 reduci,
857 3456 1085 3525 quemadmodum
1110 3455 1138 3508 in
1163 3467 1220 3506 roco

163 3587 169 3610 Ι
242 3517 295 3569 reio
312 3520 438 3589 produxit
456 3521 581 3591 Virgilius
597 3521 667 3581 Aen]
680 3477 739 3579 Lib.
755 3541 781 3594 u
798 3544 821 3581 v.
840 3527 880 3594 35·
