<?xml version="1.0" encoding="UTF-8"?>
<!DOCTYPE html PUBLIC "-//W3C//DTD XHTML 1.0 Transitional//EN"
    "http://www.w3.org/TR/xhtml1/DTD/xhtml1-transitional.dtd">
<html xmlns="http://www.w3.org/1999/xhtml" xml:lang="en" lang="en">
 <head>
  <title>
</title>
<meta http-equiv="Content-Type" content="text/html;charset=utf-8" />
  <meta name='ocr-system' content='tesseract 3.04.00' />
  <meta name='ocr-capabilities' content='ocr_page ocr_carea ocr_par ocr_line ocrx_word'/>
</head>
<body>
  <div class='ocr_page' id='page_1' title='image "./phaedriaugustil00aesogoog_0053.png"; bbox 0 0 2678 3978; ppageno 0'>
   <div class='ocr_carea' id='block_1_1' title="bbox 194 421 897 490">
    <p class='ocr_par' dir='ltr' id='par_1_1' title="bbox 194 421 897 490">
     <span class='ocr_line' id='line_1_1' title="bbox 194 421 897 490; baseline -0.006 -8"><span class='ocrx_word' id='word_1_1' title='bbox 194 421 251 484; x_wconf 65' lang='grc' dir='ltr'><strong>ἰθ</strong></span> <span class='ocrx_word' id='word_1_2' title='bbox 528 434 675 477; x_wconf 76' lang='lat' dir='ltr'><strong>nunnoni</strong></span> <span class='ocrx_word' id='word_1_3' title='bbox 696 432 897 490; x_wconf 74' lang='lat' dir='ltr'><strong>nnaunnuuu</strong></span> 
     </span>
    </p>
   </div>
   <div class='ocr_carea' id='block_1_2' title="bbox 130 573 1230 1042">
    <p class='ocr_par' dir='ltr' id='par_1_2' title="bbox 130 573 1230 1042">
     <span class='ocr_line' id='line_1_2' title="bbox 130 573 1004 672; baseline -0.009 -30"><span class='ocrx_word' id='word_1_4' title='bbox 130 589 132 592; x_wconf 79' lang='grc'>’</span> <span class='ocrx_word' id='word_1_5' title='bbox 216 577 387 672; x_wconf 73' lang='lat' dir='ltr'><strong>Quaetibi</strong></span> <span class='ocrx_word' id='word_1_6' title='bbox 409 577 551 643; x_wconf 87' lang='lat' dir='ltr'><strong>molestis</strong></span> <span class='ocrx_word' id='word_1_7' title='bbox 572 575 715 639; x_wconf 88' lang='lat' dir='ltr'><strong>muribus</strong></span> <span class='ocrx_word' id='word_1_8' title='bbox 735 595 842 658; x_wconf 85' lang='lat' dir='ltr'><strong>purgo</strong></span> <span class='ocrx_word' id='word_1_9' title='bbox 865 573 1004 636; x_wconf 87' lang='lat' dir='ltr'><strong>domum.</strong></span> 
     </span>
     <span class='ocr_line' id='line_1_3' title="bbox 211 657 948 741; baseline -0.014 -19"><span class='ocrx_word' id='word_1_10' title='bbox 211 658 390 741; x_wconf 74' lang='lat' dir='ltr'><strong>Respondit</strong></span> <span class='ocrx_word' id='word_1_11' title='bbox 409 659 480 720; x_wconf 86' lang='lat' dir='ltr'><strong>ille:</strong></span> <span class='ocrx_word' id='word_1_12' title='bbox 500 661 640 720; x_wconf 72' lang='lat' dir='ltr'><strong>Faceres</strong></span> <span class='ocrx_word' id='word_1_13' title='bbox 661 657 688 718; x_wconf 91' lang='lat' dir='ltr'><strong>si</strong></span> <span class='ocrx_word' id='word_1_14' title='bbox 708 678 802 717; x_wconf 83' lang='lat' dir='ltr'><strong>eausa</strong></span> <span class='ocrx_word' id='word_1_15' title='bbox 821 674 910 728; x_wconf 77' lang='lat' dir='ltr'><strong>mea,</strong></span> <span class='ocrx_word' id='word_1_16' title='bbox 946 727 948 731; x_wconf 11' lang='lat' dir='ltr'>y</span> 
     </span>
     <span class='ocr_line' id='line_1_4' title="bbox 213 733 1230 816; baseline -0.011 -13"><span class='ocrx_word' id='word_1_17' title='bbox 213 743 348 803; x_wconf 82' lang='lat' dir='ltr'><strong>Gratum</strong></span> <span class='ocrx_word' id='word_1_18' title='bbox 369 753 470 816; x_wconf 88' lang='lat' dir='ltr'><strong>esset,</strong></span> <span class='ocrx_word' id='word_1_19' title='bbox 492 736 706 800; x_wconf 36' lang='lat' dir='ltr'><strong>et&#39;dedissem</strong></span> <span class='ocrx_word' id='word_1_20' title='bbox 729 735 853 796; x_wconf 88' lang='lat' dir='ltr'><strong>veniam</strong></span> <span class='ocrx_word' id='word_1_21' title='bbox 878 733 1031 814; x_wconf 82' lang='lat' dir='ltr'><strong>supplici:</strong></span> <span class='ocrx_word' id='word_1_22' title='bbox 1205 733 1230 792; x_wconf 82' lang='lat'><strong><em>5</em></strong></span> 
     </span>
     <span class='ocr_line' id='line_1_5' title="bbox 213 812 942 902; baseline -0.015 -20"><span class='ocrx_word' id='word_1_23' title='bbox 213 825 304 882; x_wconf 87' lang='lat' dir='ltr'><strong>Nunc</strong></span> <span class='ocrx_word' id='word_1_24' title='bbox 328 818 401 902; x_wconf 89' lang='lat' dir='ltr'><strong>quia</strong></span> <span class='ocrx_word' id='word_1_25' title='bbox 421 818 565 894; x_wconf 82' lang='lat' dir='ltr'><strong>laboras,</strong></span> <span class='ocrx_word' id='word_1_26' title='bbox 586 829 622 877; x_wconf 85' lang='lat' dir='ltr'><strong>ut</strong></span> <span class='ocrx_word' id='word_1_27' title='bbox 641 816 758 876; x_wconf 84' lang='lat' dir='ltr'><strong>fruaris</strong></span> <span class='ocrx_word' id='word_1_28' title='bbox 781 813 841 876; x_wconf 88' lang='lat' dir='ltr'><strong>reli</strong></span> <span class='ocrx_word' id='word_1_29' title='bbox 865 812 942 888; x_wconf 82' lang='lat' dir='ltr'><strong>uiis,</strong></span> 
     </span>
     <span class='ocr_line' id='line_1_6' title="bbox 213 836 868 1042; baseline -0.011 -82"><span class='ocrx_word' id='word_1_30' title='bbox 213 903 302 1042; x_wconf 40' lang='lat' dir='ltr'><strong>l(guas</strong></span> <span class='ocrx_word' id='word_1_31' title='bbox 328 908 401 958; x_wconf 91' lang='lat' dir='ltr'><strong>sunt</strong></span> <span class='ocrx_word' id='word_1_32' title='bbox 424 897 547 974; x_wconf 68' lang='lat' dir='ltr'><strong>fusuri,</strong></span> <span class='ocrx_word' id='word_1_33' title='bbox 573 897 664 956; x_wconf 91' lang='lat' dir='ltr'><strong>simul</strong></span> <span class='ocrx_word' id='word_1_34' title='bbox 687 908 720 955; x_wconf 88' lang='lat' dir='ltr'><strong>et</strong></span> <span class='ocrx_word' id='word_1_35' title='bbox 740 836 868 988; x_wconf 58' lang='lat' dir='ltr'><strong>ipsosii</strong></span> 
     </span>
    </p>
   </div>
   <div class='ocr_carea' id='block_1_3' title="bbox 214 912 1228 1377">
    <p class='ocr_par' dir='ltr' id='par_1_3' title="bbox 214 912 1228 1377">
     <span class='ocr_line' id='line_1_7' title="bbox 871 912 985 954; baseline 0.026 -3"><span class='ocrx_word' id='word_1_36' title='bbox 871 912 985 954; x_wconf 85' lang='lat' dir='ltr'><strong>evores</strong></span> 
     </span>
     <span class='ocr_line' id='line_1_8' title="bbox 244 936 1003 1059; baseline -0.014 -20"><span class='ocrx_word' id='word_1_37' title='bbox 244 981 287 1040; x_wconf 91' lang='lat' dir='ltr'><strong>oli</strong></span> <span class='ocrx_word' id='word_1_38' title='bbox 307 980 465 1059; x_wconf 87' lang='lat' dir='ltr'><strong>imputare</strong></span> <span class='ocrx_word' id='word_1_39' title='bbox 488 999 602 1038; x_wconf 86' lang='lat' dir='ltr'><strong>vanum</strong></span> <span class='ocrx_word' id='word_1_40' title='bbox 626 971 817 1036; x_wconf 80' lang='lat' dir='ltr'><strong>henefielum</strong></span> <span class='ocrx_word' id='word_1_41' title='bbox 838 969 923 1032; x_wconf 91' lang='lat' dir='ltr'><strong>mihi.</strong></span> <span class='ocrx_word' id='word_1_42' title='bbox 995 936 1003 968; x_wconf 59' lang='lat'>’</span> 
     </span>
     <span class='ocr_line' id='line_1_9' title="bbox 214 1051 948 1124; baseline -0.016 -2"><span class='ocrx_word' id='word_1_43' title='bbox 214 1063 257 1122; x_wconf 82' lang='lat' dir='ltr'><strong>At</strong></span> <span class='ocrx_word' id='word_1_44' title='bbox 280 1080 322 1124; x_wconf 89' lang='lat' dir='ltr'><strong>ue</strong></span> <span class='ocrx_word' id='word_1_45' title='bbox 345 1060 389 1118; x_wconf 90' lang='lat' dir='ltr'><strong>ita</strong></span> <span class='ocrx_word' id='word_1_46' title='bbox 408 1059 535 1118; x_wconf 85' lang='lat' dir='ltr'><strong>loeutus</strong></span> <span class='ocrx_word' id='word_1_47' title='bbox 559 1057 601 1115; x_wconf 92' lang='lat' dir='ltr'><strong>im</strong></span> <span class='ocrx_word' id='word_1_48' title='bbox 625 1056 738 1116; x_wconf 86' lang='lat' dir='ltr'><strong>robam</strong></span> <span class='ocrx_word' id='word_1_49' title='bbox 759 1055 825 1114; x_wconf 90' lang='lat' dir='ltr'><strong>leto</strong></span> <span class='ocrx_word' id='word_1_50' title='bbox 850 1051 948 1111; x_wconf 80' lang='lat' dir='ltr'><strong>dedit.</strong></span> 
     </span>
     <span class='ocr_line' id='line_1_10' title="bbox 288 1077 1228 1214; baseline -0.007 -15"><span class='ocrx_word' id='word_1_51' title='bbox 288 1160 327 1200; x_wconf 84' lang='lat' dir='ltr'><strong>oo</strong></span> <span class='ocrx_word' id='word_1_52' title='bbox 350 1138 382 1196; x_wconf 93' lang='lat' dir='ltr'><strong>in</strong></span> <span class='ocrx_word' id='word_1_53' title='bbox 405 1157 440 1196; x_wconf 84' lang='lat' dir='ltr'><strong>se</strong></span> <span class='ocrx_word' id='word_1_54' title='bbox 461 1137 581 1197; x_wconf 87' lang='lat' dir='ltr'><strong>dictum</strong></span> <span class='ocrx_word' id='word_1_55' title='bbox 602 1077 721 1196; x_wconf 58' lang='lat' dir='ltr'><strong>iebant</strong></span> <span class='ocrx_word' id='word_1_56' title='bbox 740 1133 787 1193; x_wconf 87' lang='lat' dir='ltr'><strong>illi</strong></span> <span class='ocrx_word' id='word_1_57' title='bbox 810 1147 1001 1214; x_wconf 78' lang='lat' dir='ltr'><strong>agnoscere,</strong></span> <span class='ocrx_word' id='word_1_58' title='bbox 1184 1153 1228 1192; x_wconf 91' lang='grc' dir='ltr'><strong>ιο</strong></span> 
     </span>
     <span class='ocr_line' id='line_1_11' title="bbox 249 1211 867 1297; baseline -0.018 -16"><span class='ocrx_word' id='word_1_59' title='bbox 249 1239 365 1280; x_wconf 90' lang='lat' dir='ltr'><strong>uorum</strong></span> <span class='ocrx_word' id='word_1_60' title='bbox 385 1216 509 1297; x_wconf 81' lang='lat' dir='ltr'><strong>privata</strong></span> <span class='ocrx_word' id='word_1_61' title='bbox 530 1215 631 1277; x_wconf 87' lang='lat' dir='ltr'><strong>servit</strong></span> <span class='ocrx_word' id='word_1_62' title='bbox 650 1214 768 1275; x_wconf 88' lang='lat' dir='ltr'><strong>utilitas</strong></span> <span class='ocrx_word' id='word_1_63' title='bbox 789 1211 867 1288; x_wconf 83' lang='lat' dir='ltr'><strong>sihi,</strong></span> 
     </span>
     <span class='ocr_line' id='line_1_12' title="bbox 215 1289 964 1377; baseline -0.012 -16"><span class='ocrx_word' id='word_1_64' title='bbox 215 1303 259 1361; x_wconf 82' lang='lat' dir='ltr'><strong>Et</strong></span> <span class='ocrx_word' id='word_1_65' title='bbox 278 1297 428 1358; x_wconf 84' lang='lat' dir='ltr'><strong>meritum</strong></span> <span class='ocrx_word' id='word_1_66' title='bbox 448 1297 540 1358; x_wconf 89' lang='lat' dir='ltr'><strong>inane</strong></span> <span class='ocrx_word' id='word_1_67' title='bbox 561 1296 678 1356; x_wconf 85' lang='lat' dir='ltr'><strong>iactant</strong></span> <span class='ocrx_word' id='word_1_68' title='bbox 697 1289 964 1377; x_wconf 86' lang='lat' dir='ltr'><strong>imprudentibus.</strong></span> 
     </span>
    </p>
   </div>
   <div class='ocr_carea' id='block_1_4' title="bbox 522 1543 891 1727">
    <p class='ocr_par' dir='ltr' id='par_1_4' title="bbox 522 1543 891 1727">
     <span class='ocr_line' id='line_1_13' title="bbox 522 1543 819 1628; baseline -0.01 -21"><span class='ocrx_word' id='word_1_69' title='bbox 522 1623 524 1628; x_wconf 18' lang='lat' dir='ltr'>s</span> <span class='ocrx_word' id='word_1_70' title='bbox 612 1565 687 1605; x_wconf 74' lang='lat' dir='ltr'><strong>aas.</strong></span> <span class='ocrx_word' id='word_1_71' title='bbox 708 1543 819 1604; x_wconf 81' lang='lat' dir='ltr'><strong>XXIII.</strong></span> 
     </span>
     <span class='ocr_line' id='line_1_14' title="bbox 538 1643 891 1727; baseline -0.025 0"><span class='ocrx_word' id='word_1_72' title='bbox 538 1643 891 1727; x_wconf 77' lang='lat' dir='ltr'><strong>cau1sr1nun1s.</strong></span> 
     </span>
    </p>
   </div>
   <div class='ocr_carea' id='block_1_5' title="bbox 213 1793 1227 2441">
    <p class='ocr_par' dir='ltr' id='par_1_5' title="bbox 216 1793 885 1887">
     <span class='ocr_line' id='line_1_15' title="bbox 216 1793 885 1887; baseline -0.031 -18"><span class='ocrx_word' id='word_1_73' title='bbox 216 1807 364 1887; x_wconf 85' lang='lat' dir='ltr'><strong>Repente</strong></span> <span class='ocrx_word' id='word_1_74' title='bbox 386 1799 541 1874; x_wconf 73' lang='lat' dir='ltr'><strong>liberalis,</strong></span> <span class='ocrx_word' id='word_1_75' title='bbox 564 1793 668 1856; x_wconf 90' lang='lat' dir='ltr'><strong>stultis</strong></span> <span class='ocrx_word' id='word_1_76' title='bbox 689 1803 799 1886; x_wconf 75' lang='lat' dir='ltr'><strong>gratus</strong></span> <span class='ocrx_word' id='word_1_77' title='bbox 821 1802 885 1867; x_wconf 86' lang='lat' dir='ltr'><strong>est,</strong></span> 
     </span>
    </p>

    <p class='ocr_par' dir='ltr' id='par_1_6' title="bbox 215 1870 845 1964">
     <span class='ocr_line' id='line_1_16' title="bbox 215 1870 845 1964; baseline -0.032 -15"><span class='ocrx_word' id='word_1_78' title='bbox 215 1888 339 1951; x_wconf 89' lang='lat' dir='ltr'><strong>Verum</strong></span> <span class='ocrx_word' id='word_1_79' title='bbox 359 1881 470 1964; x_wconf 89' lang='lat' dir='ltr'><strong>peritis</strong></span> <span class='ocrx_word' id='word_1_80' title='bbox 490 1877 599 1939; x_wconf 86' lang='lat' dir='ltr'><strong>irritos</strong></span> <span class='ocrx_word' id='word_1_81' title='bbox 619 1873 722 1934; x_wconf 75' lang='lat' dir='ltr'><strong>tendit</strong></span> <span class='ocrx_word' id='word_1_82' title='bbox 743 1870 845 1931; x_wconf 85' lang='lat' dir='ltr'><strong>dolos.</strong></span> 
     </span>
    </p>

    <p class='ocr_par' dir='ltr' id='par_1_7' title="bbox 213 1948 1031 2040">
     <span class='ocr_line' id='line_1_17' title="bbox 213 1948 1031 2040; baseline -0.023 -14"><span class='ocrx_word' id='word_1_83' title='bbox 213 1971 216 1978; x_wconf 81' lang='lat'><em>&#39;</em></span> <span class='ocrx_word' id='word_1_84' title='bbox 256 1967 439 2026; x_wconf 84' lang='lat' dir='ltr'><strong>Nocturnus</strong></span> <span class='ocrx_word' id='word_1_85' title='bbox 461 1979 559 2040; x_wconf 87' lang='lat' dir='ltr'><strong>quum</strong></span> <span class='ocrx_word' id='word_1_86' title='bbox 580 1953 635 2015; x_wconf 78' lang='lat' dir='ltr'><strong>fur</strong></span> <span class='ocrx_word' id='word_1_87' title='bbox 654 1972 770 2033; x_wconf 87' lang='lat' dir='ltr'><strong>panem</strong></span> <span class='ocrx_word' id='word_1_88' title='bbox 787 1948 924 2009; x_wconf 74' lang='lat' dir='ltr'><strong>misisset</strong></span> <span class='ocrx_word' id='word_1_89' title='bbox 946 1950 1031 2026; x_wconf 78' lang='lat' dir='ltr'><strong>cani,</strong></span> 
     </span>
    </p>

    <p class='ocr_par' dir='ltr' id='par_1_8' title="bbox 217 2028 1227 2360">
     <span class='ocr_line' id='line_1_18' title="bbox 218 2028 1183 2110; baseline -0.024 -7"><span class='ocrx_word' id='word_1_90' title='bbox 218 2043 357 2103; x_wconf 86' lang='lat' dir='ltr'><strong>Obiecto</strong></span> <span class='ocrx_word' id='word_1_91' title='bbox 379 2050 502 2100; x_wconf 89' lang='lat' dir='ltr'><strong>tentans</strong></span> <span class='ocrx_word' id='word_1_92' title='bbox 525 2057 564 2095; x_wconf 91' lang='lat' dir='ltr'><strong>an</strong></span> <span class='ocrx_word' id='word_1_93' title='bbox 585 2032 657 2092; x_wconf 90' lang='lat' dir='ltr'><strong>cibo</strong></span> <span class='ocrx_word' id='word_1_94' title='bbox 677 2041 789 2110; x_wconf 86' lang='lat' dir='ltr'><strong>posset</strong></span> <span class='ocrx_word' id='word_1_95' title='bbox 809 2028 895 2109; x_wconf 85' lang='lat' dir='ltr'><strong>oapi:</strong></span> <span class='ocrx_word' id='word_1_96' title='bbox 1180 2085 1183 2090; x_wconf 56' lang='grc'>,</span> 
     </span>
     <span class='ocr_line' id='line_1_19' title="bbox 218 2106 1227 2200; baseline -0.014 -19"><span class='ocrx_word' id='word_1_97' title='bbox 218 2123 326 2195; x_wconf 77' lang='lat' dir='ltr'><strong>Heus,</strong></span> <span class='ocrx_word' id='word_1_98' title='bbox 350 2116 467 2200; x_wconf 86' lang='lat' dir='ltr'><strong>inquit,</strong></span> <span class='ocrx_word' id='word_1_99' title='bbox 488 2114 627 2196; x_wconf 79' lang='lat' dir='ltr'><strong>linguam</strong></span> <span class='ocrx_word' id='word_1_100' title='bbox 648 2109 695 2169; x_wconf 85' lang='lat' dir='ltr'><strong>vis</strong></span> <span class='ocrx_word' id='word_1_101' title='bbox 715 2129 819 2168; x_wconf 87' lang='lat' dir='ltr'><strong>meam</strong></span> <span class='ocrx_word' id='word_1_102' title='bbox 838 2106 1068 2190; x_wconf 79' lang='lat' dir='ltr'><strong>praecludere,</strong></span> <span class='ocrx_word' id='word_1_103' title='bbox 1204 2107 1227 2167; x_wconf 86' lang='lat'>5</span> 
     </span>
     <span class='ocr_line' id='line_1_20' title="bbox 217 2187 1110 2276; baseline -0.018 -16"><span class='ocrx_word' id='word_1_104' title='bbox 217 2203 265 2260; x_wconf 91' lang='lat' dir='ltr'><strong>Ne</strong></span> <span class='ocrx_word' id='word_1_105' title='bbox 291 2199 404 2258; x_wconf 86' lang='lat' dir='ltr'><strong>latrem</strong></span> <span class='ocrx_word' id='word_1_106' title='bbox 425 2213 543 2276; x_wconf 85' lang='lat' dir='ltr'><strong>prore</strong></span> <span class='ocrx_word' id='word_1_107' title='bbox 565 2187 696 2250; x_wconf 88' lang='lat' dir='ltr'><strong>domini.</strong></span> <span class='ocrx_word' id='word_1_108' title='bbox 738 2188 873 2247; x_wconf 88' lang='lat' dir='ltr'><strong>Multum</strong></span> <span class='ocrx_word' id='word_1_109' title='bbox 894 2187 1029 2247; x_wconf 72' lang='lat' dir='ltr'><strong>falleris:</strong></span> <span class='ocrx_word' id='word_1_110' title='bbox 1103 2225 1110 2232; x_wconf 93' lang='lat'><em>-</em></span> 
     </span>
     <span class='ocr_line' id='line_1_21' title="bbox 218 2266 951 2360; baseline -0.018 -21"><span class='ocrx_word' id='word_1_111' title='bbox 218 2281 360 2360; x_wconf 81' lang='lat' dir='ltr'>Namque</span> <span class='ocrx_word' id='word_1_112' title='bbox 382 2275 441 2334; x_wconf 89' lang='lat' dir='ltr'><strong>ista</strong></span> <span class='ocrx_word' id='word_1_113' title='bbox 462 2273 567 2333; x_wconf 88' lang='lat' dir='ltr'><strong>subita</strong></span> <span class='ocrx_word' id='word_1_114' title='bbox 590 2287 642 2328; x_wconf 90' lang='lat' dir='ltr'><strong>me</strong></span> <span class='ocrx_word' id='word_1_115' title='bbox 663 2266 754 2327; x_wconf 88' lang='lat' dir='ltr'><strong>iubet</strong></span> <span class='ocrx_word' id='word_1_116' title='bbox 774 2266 951 2348; x_wconf 80' lang='lat' dir='ltr'><strong>benignitas</strong></span> 
     </span>
    </p>

    <p class='ocr_par' dir='ltr' id='par_1_9' title="bbox 218 2346 928 2441">
     <span class='ocr_line' id='line_1_22' title="bbox 218 2346 928 2441; baseline -0.015 -24"><span class='ocrx_word' id='word_1_117' title='bbox 218 2357 380 2441; x_wconf 82' lang='lat' dir='ltr'><strong>Vigilare,</strong></span> <span class='ocrx_word' id='word_1_118' title='bbox 400 2353 499 2416; x_wconf 86' lang='lat' dir='ltr'><strong>facias</strong></span> <span class='ocrx_word' id='word_1_119' title='bbox 524 2370 564 2412; x_wconf 90' lang='lat' dir='ltr'><strong>ne</strong></span> <span class='ocrx_word' id='word_1_120' title='bbox 587 2367 657 2409; x_wconf 89' lang='lat' dir='ltr'><strong>mea</strong></span> <span class='ocrx_word' id='word_1_121' title='bbox 679 2347 772 2429; x_wconf 87' lang='lat' dir='ltr'><strong>oulpa</strong></span> <span class='ocrx_word' id='word_1_122' title='bbox 788 2346 928 2407; x_wconf 83' lang='lat' dir='ltr'><strong>Iuorum.</strong></span> 
     </span>
    </p>
   </div>
   <div class='ocr_carea' id='block_1_6' title="bbox 629 2499 815 2514">
    <p class='ocr_par' dir='ltr' id='par_1_10' title="bbox 629 2499 815 2514">
     <span class='ocr_line' id='line_1_23' title="bbox 629 2499 815 2514; baseline -0.011 -1"><span class='ocrx_word' id='word_1_123' title='bbox 629 2499 815 2514; x_wconf 53' lang='lat' dir='ltr'>m</span> 
     </span>
    </p>
   </div>
   <div class='ocr_carea' id='block_1_7' title="bbox 529 2596 909 2784">
    <p class='ocr_par' dir='ltr' id='par_1_11' title="bbox 529 2596 909 2784">
     <span class='ocr_line' id='line_1_24' title="bbox 616 2596 825 2660; baseline -0.019 -1"><span class='ocrx_word' id='word_1_124' title='bbox 616 2617 690 2659; x_wconf 77' lang='lat' dir='ltr'><strong>una.</strong></span> <span class='ocrx_word' id='word_1_125' title='bbox 711 2596 825 2660; x_wconf 89' lang='lat' dir='ltr'><strong>XXIV.</strong></span> 
     </span>
     <span class='ocr_line' id='line_1_25' title="bbox 529 2730 909 2784; baseline -0.011 0"><span class='ocrx_word' id='word_1_126' title='bbox 529 2732 621 2784; x_wconf 82' lang='lat' dir='ltr'><strong>RANA</strong></span> <span class='ocrx_word' id='word_1_127' title='bbox 640 2731 755 2783; x_wconf 85' lang='lat' dir='ltr'><strong>RUPTA</strong></span> <span class='ocrx_word' id='word_1_128' title='bbox 773 2730 819 2782; x_wconf 88' lang='lat' dir='ltr'><strong>ET</strong></span> <span class='ocrx_word' id='word_1_129' title='bbox 835 2731 909 2781; x_wconf 90' lang='lat' dir='ltr'>BOS.</span> 
     </span>
    </p>
   </div>
   <div class='ocr_carea' id='block_1_8' title="bbox 220 2848 971 2944">
    <p class='ocr_par' dir='ltr' id='par_1_12' title="bbox 220 2848 971 2944">
     <span class='ocr_line' id='line_1_26' title="bbox 220 2848 971 2944; baseline -0.023 -19"><span class='ocrx_word' id='word_1_130' title='bbox 220 2866 330 2944; x_wconf 81' lang='lat' dir='ltr'><strong>Inops,</strong></span> <span class='ocrx_word' id='word_1_131' title='bbox 351 2867 516 2942; x_wconf 75' lang='lat' dir='ltr'><strong>potentem</strong></span> <span class='ocrx_word' id='word_1_132' title='bbox 538 2853 613 2915; x_wconf 91' lang='lat' dir='ltr'><strong>dum</strong></span> <span class='ocrx_word' id='word_1_133' title='bbox 636 2852 703 2915; x_wconf 81' lang='lat' dir='ltr'><strong>vult</strong></span> <span class='ocrx_word' id='word_1_134' title='bbox 723 2849 857 2929; x_wconf 81' lang='lat' dir='ltr'><strong>imitari,</strong></span> <span class='ocrx_word' id='word_1_135' title='bbox 878 2848 971 2929; x_wconf 86' lang='lat' dir='ltr'><strong>perit.</strong></span> 
     </span>
    </p>
   </div>
   <div class='ocr_carea' id='block_1_9' title="bbox 224 3007 422 3028">
    <p class='ocr_par' dir='ltr' id='par_1_13' title="bbox 224 3007 422 3028">
     <span class='ocr_line' id='line_1_27' title="bbox 224 3007 422 3028; baseline -0.02 0"><span class='ocrx_word' id='word_1_136' title='bbox 224 3007 422 3028; x_wconf 70' lang='grc' dir='ltr'><strong>-ι--Ι-</strong></span> 
     </span>
    </p>
   </div>
   <div class='ocr_carea' id='block_1_10' title="bbox 220 3071 1328 3563">
    <p class='ocr_par' dir='ltr' id='par_1_14' title="bbox 220 3071 1328 3368">
     <span class='ocr_line' id='line_1_28' title="bbox 223 3071 1328 3165; baseline -0.012 -18"><span class='ocrx_word' id='word_1_137' title='bbox 223 3115 267 3157; x_wconf 83' lang='lat' dir='ltr'><strong>sn,</strong></span> <span class='ocrx_word' id='word_1_138' title='bbox 287 3094 391 3165; x_wconf 75' lang='lat' dir='ltr'><strong>inquit,</strong></span> <span class='ocrx_word' id='word_1_139' title='bbox 408 3108 489 3160; x_wconf 80' lang='lat' dir='ltr'><strong>parce</strong></span> <span class='ocrx_word' id='word_1_140' title='bbox 507 3089 593 3150; x_wconf 78' lang='lat' dir='ltr'><strong>mihi,</strong></span> <span class='ocrx_word' id='word_1_141' title='bbox 612 3088 686 3156; x_wconf 88' lang='lat' dir='ltr'><strong>quod</strong></span> <span class='ocrx_word' id='word_1_142' title='bbox 704 3096 791 3138; x_wconf 82' lang='lat' dir='ltr'><strong>metro</strong></span> <span class='ocrx_word' id='word_1_143' title='bbox 811 3101 952 3158; x_wconf 80' lang='lat' dir='ltr'><strong>repugnat.</strong></span> <span class='ocrx_word' id='word_1_144' title='bbox 971 3115 1004 3128; x_wconf 90' lang='lat'><em>-</em></span> <span class='ocrx_word' id='word_1_145' title='bbox 1021 3087 1084 3153; x_wconf 66' lang='lat' dir='ltr'><strong>tari.</strong></span> <span class='ocrx_word' id='word_1_146' title='bbox 1096 3085 1224 3156; x_wconf 83' lang='lat' dir='ltr'><strong>facerem</strong></span> <span class='ocrx_word' id='word_1_147' title='bbox 1327 3071 1328 3140; x_wconf 62' lang='lat' dir='ltr'><strong>i</strong></span> 
     </span>
     <span class='ocr_line' id='line_1_29' title="bbox 222 3147 1328 3226; baseline -0.008 -11"><span class='ocrx_word' id='word_1_148' title='bbox 222 3161 310 3215; x_wconf 86' lang='lat' dir='ltr'><strong>Codd.</strong></span> <span class='ocrx_word' id='word_1_149' title='bbox 330 3169 357 3210; x_wconf 90' lang='lat' dir='ltr'><strong>et</strong></span> <span class='ocrx_word' id='word_1_150' title='bbox 374 3160 476 3226; x_wconf 85' lang='lat' dir='ltr'><strong>primae</strong></span> <span class='ocrx_word' id='word_1_151' title='bbox 492 3158 645 3221; x_wconf 87' lang='lat' dir='ltr'><strong>Editiones;</strong></span> <span class='ocrx_word' id='word_1_152' title='bbox 655 3155 768 3224; x_wconf 80' lang='lat' dir='ltr'><strong>faceres</strong></span> <span class='ocrx_word' id='word_1_153' title='bbox 786 3158 936 3209; x_wconf 82' lang='lat' dir='ltr'><strong>emendavit</strong></span> <span class='ocrx_word' id='word_1_154' title='bbox 954 3160 1080 3222; x_wconf 79' lang='lat' dir='ltr'><strong>Bongnrs.</strong></span> <span class='ocrx_word' id='word_1_155' title='bbox 1096 3173 1165 3206; x_wconf 86' lang='lat' dir='ltr'><strong>-v.</strong></span> <span class='ocrx_word' id='word_1_156' title='bbox 1181 3171 1224 3206; x_wconf 64' lang='grc' dir='ltr'><strong>ια.</strong></span> <span class='ocrx_word' id='word_1_157' title='bbox 1327 3147 1328 3158; x_wconf 57' lang='grc'>’</span> 
     </span>
     <span class='ocr_line' id='line_1_30' title="bbox 222 3222 1224 3290; baseline -0.009 -7"><span class='ocrx_word' id='word_1_158' title='bbox 222 3233 328 3282; x_wconf 71' lang='lat' dir='ltr'><strong>:uetant</strong></span> <span class='ocrx_word' id='word_1_159' title='bbox 346 3225 433 3275; x_wconf 92' lang='lat' dir='ltr'><strong>Codd.</strong></span> <span class='ocrx_word' id='word_1_160' title='bbox 453 3235 480 3276; x_wconf 85' lang='lat' dir='ltr'><strong>et</strong></span> <span class='ocrx_word' id='word_1_161' title='bbox 498 3233 559 3276; x_wconf 84' lang='lat' dir='ltr'><strong>vett.</strong></span> <span class='ocrx_word' id='word_1_162' title='bbox 576 3223 645 3274; x_wconf 89' lang='lat' dir='ltr'><strong>Edd.</strong></span> <span class='ocrx_word' id='word_1_163' title='bbox 671 3225 757 3274; x_wconf 83' lang='lat' dir='ltr'><strong>iactat</strong></span> <span class='ocrx_word' id='word_1_164' title='bbox 783 3226 899 3275; x_wconf 84' lang='lat' dir='ltr'><strong>coniecit</strong></span> <span class='ocrx_word' id='word_1_165' title='bbox 922 3224 1079 3276; x_wconf 73' lang='lat' dir='ltr'><strong>stittershus.</strong></span> <span class='ocrx_word' id='word_1_166' title='bbox 1103 3222 1186 3290; x_wconf 87' lang='lat' dir='ltr'><strong>idque</strong></span> <span class='ocrx_word' id='word_1_167' title='bbox 1207 3240 1224 3274; x_wconf 85' lang='lat' dir='ltr'><strong>u</strong></span> 
     </span>
     <span class='ocr_line' id='line_1_31' title="bbox 220 3292 735 3368; baseline -0.016 -20"><span class='ocrx_word' id='word_1_168' title='bbox 220 3297 342 3368; x_wconf 87' lang='lat' dir='ltr'><strong>pluribus</strong></span> <span class='ocrx_word' id='word_1_169' title='bbox 361 3292 510 3343; x_wconf 80' lang='lat' dir='ltr'><strong>editoribus</strong></span> <span class='ocrx_word' id='word_1_170' title='bbox 528 3299 667 3358; x_wconf 81' lang='lat' dir='ltr'><strong>receptum</strong></span> <span class='ocrx_word' id='word_1_171' title='bbox 687 3298 735 3342; x_wconf 88' lang='lat' dir='ltr'><strong>est.</strong></span> 
     </span>
    </p>

    <p class='ocr_par' dir='ltr' id='par_1_15' title="bbox 222 3355 1328 3563">
     <span class='ocr_line' id='line_1_32' title="bbox 272 3355 1221 3426; baseline -0.008 -13"><span class='ocrx_word' id='word_1_172' title='bbox 272 3360 339 3413; x_wconf 82' lang='lat' dir='ltr'><strong>Fab.</strong></span> <span class='ocrx_word' id='word_1_173' title='bbox 358 3359 459 3423; x_wconf 83' lang='lat' dir='ltr'>xx111‚</span> <span class='ocrx_word' id='word_1_174' title='bbox 478 3377 505 3409; x_wconf 88' lang='lat' dir='ltr'><strong>v.</strong></span> <span class='ocrx_word' id='word_1_175' title='bbox 524 3358 549 3424; x_wconf 69' lang='grc'><strong>4.</strong></span> <span class='ocrx_word' id='word_1_176' title='bbox 567 3369 661 3426; x_wconf 83' lang='lat' dir='ltr'><strong>posset</strong></span> <span class='ocrx_word' id='word_1_177' title='bbox 679 3355 997 3409; x_wconf 77' lang='lat' dir='ltr'><strong>emendavitssittershus.</strong></span> <span class='ocrx_word' id='word_1_178' title='bbox 1017 3360 1221 3426; x_wconf 78' lang='lat' dir='ltr'><strong>quamplurimi</strong></span> 
     </span>
     <span class='ocr_line' id='line_1_33' title="bbox 222 3424 1328 3498; baseline -0.002 -19"><span class='ocrx_word' id='word_1_179' title='bbox 222 3437 378 3498; x_wconf 82' lang='lat' dir='ltr'><strong>sequuntur.</strong></span> <span class='ocrx_word' id='word_1_180' title='bbox 405 3426 435 3473; x_wconf 91' lang='lat' dir='ltr'><strong>In</strong></span> <span class='ocrx_word' id='word_1_181' title='bbox 454 3425 542 3475; x_wconf 89' lang='lat' dir='ltr'><strong>Codd.</strong></span> <span class='ocrx_word' id='word_1_182' title='bbox 561 3433 589 3476; x_wconf 84' lang='lat' dir='ltr'><strong>et</strong></span> <span class='ocrx_word' id='word_1_183' title='bbox 607 3433 669 3478; x_wconf 85' lang='lat' dir='ltr'><strong>vett.</strong></span> <span class='ocrx_word' id='word_1_184' title='bbox 688 3425 756 3477; x_wconf 86' lang='lat' dir='ltr'>Edd.</span> <span class='ocrx_word' id='word_1_185' title='bbox 780 3432 819 3476; x_wconf 88' lang='lat' dir='ltr'><strong>est</strong></span> <span class='ocrx_word' id='word_1_186' title='bbox 841 3424 942 3492; x_wconf 77' lang='lat' dir='ltr'><strong>possit,</strong></span> <span class='ocrx_word' id='word_1_187' title='bbox 969 3426 1046 3491; x_wconf 91' lang='lat' dir='ltr'><strong>quod</strong></span> <span class='ocrx_word' id='word_1_188' title='bbox 1064 3426 1222 3480; x_wconf 87' lang='lat' dir='ltr'><strong>Schwabius</strong></span> <span class='ocrx_word' id='word_1_189' title='bbox 1327 3441 1328 3470; x_wconf 71' lang='lat' dir='ltr'><strong>t</strong></span> 
     </span>
     <span class='ocr_line' id='line_1_34' title="bbox 223 3492 1328 3563; baseline -0.024 -12"><span class='ocrx_word' id='word_1_190' title='bbox 223 3513 286 3551; x_wconf 87' lang='lat' dir='ltr'><strong>cum</strong></span> <span class='ocrx_word' id='word_1_191' title='bbox 303 3492 452 3563; x_wconf 81' lang='lat' dir='ltr'><strong>Bipontinis</strong></span> <span class='ocrx_word' id='word_1_192' title='bbox 468 3499 567 3542; x_wconf 84' lang='lat' dir='ltr'><strong>tuetur.</strong></span> <span class='ocrx_word' id='word_1_193' title='bbox 1327 3497 1328 3524; x_wconf 75' lang='grc' dir='ltr'>ι</span> 
     </span>
    </p>
   </div>
   <div class='ocr_carea' id='block_1_11' title="bbox 0 0 1358 3978">
    <p class='ocr_par' dir='ltr' id='par_1_16' title="bbox 0 0 1358 3978">
     <span class='ocr_line' id='line_1_35' title="bbox 0 0 1358 3978; baseline 0 0"><span class='ocrx_word' id='word_1_194' title='bbox 0 0 1358 3978; x_wconf 95' lang='lat' dir='ltr'><strong> </strong></span> 
     </span>
    </p>
   </div>
  </div>
 </body>
</html>
