2610 4002
247 472 287 536 qo
537 466 649 512 norae
671 466 716 510 sn
738 467 929 512 rnannnuna

245 612 360 682 decepit.
395 609 448 664 Sed
473 611 556 664 altera
578 610 672 662 Lectio
695 609 818 664 Phaedro
840 609 946 678 dignior
966 612 1021 662 risa
1047 614 1104 663 'est-t
1135 625 1231 663 sensnm

245 691 318 732 certe
334 680 415 746 magis
428 687 560 748 apertum,
574 680 709 748 magisque
724 679 843 731 lucidam
863 681 1014 731 orationem
1031 679 1152 731 exhibet.
1169 679 1233 730 Hauc

244 765 327 818 ergo,
348 749 484 820 plerisque
505 747 675 800 Editionibus
691 749 763 798 ultro
787 747 982 816 obsequentes,
1002 748 1166 816 recepimus.

449 893 527 957 ras.
548 853 659 962 xvm.
679 897 720 962 v.
741 897 771 961 a.
794 896 891 960 humo
911 896 1035 958 iacebat

230 1015 317 1072 ‘Haec
338 1026 379 1072 est
398 1020 642 1088 manuscriptorum
660 1019 795 1084 codicum,
812 1026 987 1084 veterumque
1000 1013 1159 1066 Editionum
1172 1015 1231 1065 Lec·

245 1088 299 1154 tio;
322 1105 401 1156 quam
418 1103 433 1138 a
453 1087 551 1151 Fabro,
569 1089 682 1157 aliisque
698 1088 796 1140 deinde
811 1087 940 1138 reiectam
954 1085 1034 1138 luisse
1048 1085 1152 1148 miror,
1171 1099 1234 1144 curn,

244 1157 333 1206 iacere
355 1154 451 1216 humo,
479 1155 620 1206 subaudita
649 1158 865 1226 praepositione,
893 1155 937 1216 r'n,
965 1160 1021 1204 tam
1047 1151 1175 1214 Latinum
1194 1150 1232 1214 sit,

245 1240 340 1292 quam,
360 1225 449 1274 iacere
467 1219 548 1278 humi.
567 1223 678 1275 Ovidius
691 1227 801 1276 Metam.
817 1221 878 1274 Lib.
898 1219 924 1288 4.
938 1239 963 1277 v.
983 1235 1040 1274 121.

380 1293 414 1342 Et
431 1291 514 1346 iacuit
535 1292 676 1360 resupinus
699 1292 790 1344 humo.

245 1357 315 1413 lbid.
334 1377 357 1409 r.
380 1359 440 1410 261.
1131 1413 1135 1420 ἢ

379 1425 456 1478 Sedit
476 1425 557 1478 humo
579 1425 652 1482 nuda
672 1426 750 1480 nudis
768 1428 905 1497 incompta
926 1425 1037 1496 capillis.

246 1501 274 1562 et
291 1493 399 1560 Herqid.
420 1493 504 1566 Epist.
524 1491 563 1564 14.
583 1511 607 1546 v.
627 1509 688 1554 100,

642 1682 772 1758 LIBER
806 1683 842 1743 11.

576 1819 707 1901 Prolog.
727 1817 767 1884 V.
791 1835 837 1878 m.
864 1818 910 1884 ιδ.

220 2001 224 2004 ,
246 1934 360 1990 Codices
381 1938 552 2008 manuscripti
572 1948 600 1992 et
621 1939 726 2007 priores
754 1938 871 2007 quinque
890 1935 1021 1992 editiones
1049 1937 1162 1994 bahent:
1189 1931 1227 1989 lta

246 2007 287 2056 sic
313 2005 438 2075 rependet
460 2008 510 2058 itti.
523 2011 612 2076 'atque
639 2008 666 2057 in
687 2006 860 2076 subsequenti
881 2021 959 2058 versu
986 2005 1080 2059 nescit.
1111 2002 1227 2076 Rigaltiut
1279 2013 1280 2070 l

178 2088 182 2093 ’
246 2089 315 2136 anno
339 2074 411 2131 1617.
433 2077 534 2143 primus
551 2090 584 2125 cx
603 2090 677 2125 mera
696 2077 850 2127 coniectura
867 2073 964 2127 edidit:

378 2141 423 2192 Sic
441 2143 491 2193 ista
507 2143 557 2192 tibi
572 2141 704 2210 rependet
724 2142 840 2196 brevitas
861 2142 989 2210 gratiam,

381 2207 463 2259 Cuius
481 2209 593 2274 verbosa
614 2225 648 2260 ne
669 2209 704 2258 sit
720 2209 937 2263 commendatio:

245 2274 315 2326 Tum
332 2273 400 2326 dnos
416 2277 521 2344 priores
537 2293 626 2328 versus
648 2276 754 2330 fabulae
776 2296 804 2330 se
844 2279 924 2343 entis,
946 2293 1027 2332 esua
1048 2277 1113 2330 sede
1135 2283 1224 2329 attrac-

245 2348 302 2406 tos,
324 2343 387 2394 huic
409 2346 524 2412 prologo
542 2345 675 2408 adiunxit,
701 2355 732 2396 ut
754 2363 808 2416 pen
829 2355 918 2399 entem
940 2347 1099 2398 sententiam
1122 2345 1225 2398 sustine·

243 2417 313 2462 rent.
347 2412 401 2463 Hae
422 2414 581 2464 mutationes
599 2415 718 2464 omnium
737 2414 794 2468 lere
812 2415 975 2468 Criticorum
991 2415 1118 2480 suffragio
1137 2409 1226 2465 confir·

243 2486 331 2530 matae
349 2488 425 2546 sunt,
444 2481 543 2533 nedum
558 2482 748 2550 culparentur3
774 2485 823 2536 nisi
841 2481 916 2552 quod
929 2483 1045 2550 primum
1061 2498 1167 2533 versum
1187 2475 1224 2526 alii

244 2547 323 2598 aliter
345 2550 486 2602 emendare
503 2549 669 2602 studuerunt.
703 2554 759 2603 Nos
777 2569 841 2604 vero
861 2568 923 2602 cum
939 2551 1108 2602 statuerimus
1125 2551 1158 2600 ab
1169 2561 1225 2598 auc·

244 2616 352 2670 toritate
372 2619 433 2670 Mss.
444 2619 587 2684 Codicum,
605 2636 684 2686 qnam
700 2620 809 2672 minime
826 2619 884 2670 fieri
902 2627 1009 2686 posset,
1024 2617 1169 2682 recedere5
1187 2611 1225 2662 ffi·

244 2683 354 2748 galtiam
371 2686 478 2754 eiusque
503 2687 670 2751 Sectatores,
697 2687 741 2740 hic
761 2696 787 2740 et
810 2688 921 2738 nimium
947 2685 1059 2750 audere,
1083 2694 1110 2736 et
1138 2695 1225 2753 parum

244 2753 357 2805 solerter
375 2753 499 2805 hariolari
521 2757 604 2818 visos,
627 2754 748 2810 deserere
772 2772 827 2806 non
839 2755 1032 2806 dubitavimus.
1067 2755 1136 2804 Nam
1154 2764 1225 2821 prae·

243 2825 365 2886 terquam
384 2822 458 2889 quod
481 2823 524 2874 isti
544 2826 658 2892 prologo
680 2826 810 2876 moralem
837 2823 1021 2888 subsequentis
1042 2821 1149 2872 fabulae
1171 2830 1225 2868 sen·

243 2889 362 2953 tentiam,
380 2898 473 2940 contra
489 2890 570 2944 fidem
585 2893 835 2960 manuscriptorum,
853 2893 992 2969 ipsamque
1008 2888 1225 2944 consuetudinem

243 2952 372 3021 Phaedri,
391 2959 595 3026 continuarunt,
613 2959 744 3029 quidquid
766 2962 844 3012 ctiam
861 2959 894 3011 ab
914 2959 966 3008 illis
985 2958 1162 3024 excogitatum
1181 2957 1225 3010 etls

243 3029 274 3072 ut
292 3027 378 3076 oratio
396 3027 482 3094 proba
498 3031 674 3094 conflaretur,
691 3033 713 3081 si
730 3031 812 3100 paulo
830 3028 981 3094 diligentius
998 3019 1227 3092 coagmentarcris,

242 3089 310 3142 nibil
326 3093 381 3144 sere
403 3095 467 3145 boni
487 3098 561 3150 succi
589 3099 735 3164 exprimas,
755 3097 821 3149 nihil
845 3085 918 3149 'certe
936 3094 1141 3162 complectaris,
1158 3081 1223 3159 quod

244 3157 280 3206 sit
297 3159 474 3229 adloquendi
495 3166 627 3217 rationem
646 3167 796 3219 Auctorum
815 3174 935 3216 veterum
952 3163 1081 3229 optimam
1100 3161 1163 3213 satis
1184 3169 1223 3233 ac·

245 3230 453 3282 commodatum.
487 3233 541 3284 Hac
563 3242 651 3284 autem
664 3235 852 3287 emendatione
870 3240 961 3282 nostra
979 3231 1139 3280 mutationes
1152 3229 1223 3276 leus·

243 3294 326 3346 simae
345 3296 429 3351 sactae
451 3309 525 3352 sunt:
549 3303 718 3370 reposuimus
737 3304 809 3354 onim
832 3298 1015 3366 tantummodo
1039 3297 1067 3347 iu
1087 3295 1223 3346 undecimo

245 3379 321 3414 vorsu
341 3367 402 3416 ccci
419 3369 460 3418 iat
472 3384 523 3436 pro
544 3371 682 3440 accipiam
700 3380 726 3424 et
740 3372 768 3422 in
783 3369 888 3420 duobus
904 3368 977 3429 aliis,
997 3365 1043 3434 qui
1062 3363 1134 3414 hunc
1152 3374 1223 3426 sequ·

159 3485 160 3492 χ
245 3439 341 3496 untur,
362 3385 425 3486 ταέε
447 3451 497 3502 pro
512 3437 558 3488 lto
573 3439 629 3500 sr'c,·
644 3457 691 3490 nec
705 3441 742 3490 sit
759 3455 809 3508 pro
829 3437 921 3488 nescit.
954 3435 1010 3484 Iarn
1031 3447 1093 3482 vero
1109 3433 1187 3498 plana
1201 3429 1222 3502 tl

244 3499 326 3560 latina
342 3511 404 3558 sunt
414 3503 517 3557 omnia:
534 3521 595 3560 nam
609 3508 673 3560 tolr's
685 3507 818 3573 brevitas,
836 3505 912 3556 caius
927 3516 974 3554 nec
988 3501 1025 3554 sit
1041 3494 1223 3551 commendato
