2678 3978
436 490 502 534 nin.
525 473 554 548 I,
578 491 652 531 ras.
681 489 818 552 io-na.

169 629 508 712 Corium-depressum
531 632 563 690 in
583 629 682 692 ssuvio
705 631 855 692 viderunt
876 653 984 694 canes:
1058 625 1065 632 ¹

122 710 161 768 Id
180 721 218 769 ut
243 729 385 773 comesse
409 723 586 771 extractum
610 722 742 791 possent
761 711 903 788 facilius,

122 790 250 870 Aquam
271 809 413 870 coepere
434 789 581 868 ebihere,
604 791 661 850 sed
682 791 770 871 rupti
790 793 879 872 prius

121 869 276 945 Periere,
298 891 411 952 quam,
433 870 521 953 quod
545 871 719 952 petierant,
741 872 975 953 contingerent.

536 1027 706 1040 m..-

531 1144 605 1185 nau.
628 1125 711 1183 XXI.

273 1258 341 1307 nuo
361 1258 485 1321 sanun,
504 1259 606 1321 apua,
626 1259 762 1310 Taunus
781 1261 825 1309 er
846 1257 988 1309 asinus.-

120 1371 312 1453 Quicunque
334 1371 436 1431 amisit
461 1371 644 1454 dignitatem
664 1371 844 1454 pristinam,

118 1449 244 1532 Ignavis
267 1450 361 1510 ctiam
384 1452 474 1511 iocus
497 1465 545 1512 est
565 1454 596 1512 in
619 1473 693 1512 casu
718 1453 816 1533 gravi.
901 1458 903 1464 ’

161 1529 319 1589 Defectus
345 1531 430 1588 annis
456 1543 488 1598 et
513 1531 659 1592 desertus
681 1533 802 1594 virilius

118 1614 187 1671 Leo
208 1629 306 1692 quum
329 1608 466 1684 iaceret,
492 1611 637 1690 spiritum
658 1624 835 1672 extremum
857 1610 1001 1690 trahens,

117 1692 208 1770 Aper
229 1687 389 1748 fulmineis
411 1690 450 1748 ad
471 1710 543 1750 eum
566 1693 652 1751 venit
674 1691 838 1769 dentibus,
1069 1707 1073 1714 '
1101 1697 1121 1756 5

117 1772 163 1829 Et
182 1767 355 1830 vindicavit
374 1768 440 1828 ictu
460 1782 607 1831 veterem
627 1771 789 1846 iniuriam:

117 1848 244 1922 Infestis
266 1859 376 1907 taurus
398 1870 472 1916 mox
493 1849 640 1910 confodit
661 1849 811 1909 cornibus

117 1929 245 1990 Hostile
268 1947 396 2009 corpus.
437 1929 568 2006 Asinus,
594 1939 629 1989 ut
650 1929 729 1990 vidit
749 1929 856 1988 lorum

117 2012 250 2091 Impune
275 2007 374 2082 laedi,
397 2008 534 2069 calcibus
554 2010 700 2070 -frontem
723 2009 854 2070 extudit.

115 2091 164 2150 At
181 2089 235 2149 ille
257 2088 433 2168 exspirans:
451 2091 572 2151 Fortes
594 2091 721 2170 indigne
740 2089 800 2149 tuli

115 2170 196 2230 Mihi
219 2168 384 2228 insultare:
407 2179 457 2245 te,
478 2181 610 2230 naturae
633 2169 791 2244 dedecus,

117 2248 217 2339 Quod
239 2248 327 2308 ferre
350 2260 439 2308 certe
462 2270 580 2330 cogor,
601 2251 650 2311 bis
671 2249 785 2311 videor
805 2251 899 2310 mori,

516 2409 716 2421 ...ι-ι..-

488 2527 490 2544 ¹
519 2523 593 2563 rau.
624 2505 719 2560 XXII.

439 2638 601 2688 M‘USTELA
619 2640 664 2688 ET
683 2635 795 2686 HOMO.

116 2757 254 2827 Mustela
276 2755 314 2814 ab
339 2755 467 2816 homine
487 2751 620 2838 prensa,
639 2778 737 2839 quum
760 2756 927 2814 instantem
946 2771 1059 2812 necem

115 2837 277 2918 Eil'ugere
300 2835 416 2912 vellet,
439 2836 542 2896 Parce
565 2858 702 2918 quaeso,
724 2837 841 2918 inquit,
866 2830 960 2922 mihi,

112 2974 319 2989 ’,ιι-ι·-

166 3047 233 3098 Fal.
253 3048 319 3113 XX,
347 3067 375 3099 v.
396 3053 420 3101 5.
440 3049 542 3098 ebibere
560 3049 627 3099 Cod.
649 3050 715 3098 Dan.
743 3045 790 3097 sed
816 3043 884 3094 Pith.
910 3019 986 3094 Item.
1011 3053 1037 3096 et
1055 3056 1116 3098 vett.

13 3179 16 3182 Ι
115 3117 185 3170 Edd.
204 3114 302 3164 hibere.

166 3184 234 3236 Fabi
252 3185 331 3248 XXI,
350 3202 379 3234 v.
398 3185 421 3234 3.
441 3183 562 3252 desectus
581 3187 663 3234 arinis
683 3183 752 3234 Cod.
772 3183 844 3232 Rem.
863 3207 896 3218 ·-
918 3197 944 3229 v.
965 3197 989 3246 7.
1009 3182 1116 3252 infiatis

116 3251 190 3306 cod.
209 3253 311 3303 Daniel.
331 3269 410 3320 quain
429 3254 575 3304 lectionem
595 3269 686 3304 omnes
704 3253 760 3301 lere
779 3248 847 3298 Edd.
867 3261 1040 3316 receperunt;
1068 3252 1116 3302 scd

116 3321 207 3373 Codd.
225 3317 293 3368 Pith.
315 3329 341 3369 et
359 3321 431 3370 Rem.
452 3319 577 3390 irzfestus.
604 3350 637 3360 -
662 3336 690 3368 v.
709 3335 735 3384 9.
758 3314 866 3367 extudit
889 3316 977 3366 Codd.
995 3319 1068 3368 Rem.
1090 3329 1115 3370 et

115 3389 222 3444 Daniel.
241 3385 295 3436 Sed
316 3388 384 3438 eod.
404 3389 474 3452 Pith.
494 3390 631 3448 externit,
656 3387 729 3437 undo
747 3385 873 3436 Pithoeus
896 3386 1051 3436 coniectura
1068 3405 1115 3435 ea·-

117 3458 191 3508 torit.
210 3484 243 3494 -
265 3469 294 3502 v.
318 3457 517 3508 12.Neveletus
536 3458 706 3519 coniectura,
731 3463 756 3504 et
774 3461 837 3522 post
854 3454 941 3520 ipsum
961 3455 1038 3502 multi
1055 3455 1113 3518 alii,

119 3521 205 3593 Quod
211 3520 292 3638 [erre
312 3539 410 3589 cogor,
429 3537 500 3574 carra
519 3525 560 3574 bis
579 3521 672 3574 videor
689 3522 767 3571 niori.

167 3593 209 3642 Fu
229 3626 235 3640 .
253 3590 343 3656 XXII,
362 3607 390 3643 v.
410 3608 433 3642 2.
453 3592 494 3644 lta
511 3591 657 3646 emendavit
677 3591 825 3656 Bentleius3
844 3591 871 3640 in
883 3585 968 3639 Codd.
983 3595 1113 3656 estquoc·
