2610 4002
499 483 574 528 ris.
599 467 644 530 15.
664 533 667 542 ,

64 595 162 772 guid
185 636 273 688 esset
293 640 397 690 aetum
416 635 584 710 postquam
604 625 726 707 populo
738 626 897 720 innotuit,

99 724 195 769 mnes
216 705 367 774 fauorem
388 705 635 790 oomprobarunt
656 707 822 772 Coelrtum.

488 1005 564 1048 rau.
574 962 577 966 ⁵
589 968 659 1054 XV.

385 1123 604 1176 Arsorosur
622 1123 769 1176 uomua.
803 1174 811 1194 ,

218 1322 223 1332 ι
291 1245 384 1328 Quom
399 1256 509 1308 noceut
527 1267 615 1327 saepe
633 1268 734 1308 rerum
752 1246 858 1308 dicere.

68 1379 226 1464 Aesopus
247 1380 334 1474 turpi
356 1400 453 1463 quum
473 1379 609 1442 serviret
630 1379 785 1460 feminae,

69 1461 165 1604 Suae
189 1483 226 1523 se
247 1459 445 1554 expingendo
466 1470 569 1520 totum
589 1460 753 1522 intricabat
776 1463 878 1542 diem,

103 1555 228 1618 estem,
248 1560 396 1616 uniones,
416 1561 544 1618 aurum,
565 1553 728 1622 argentum
752 1563 955 1625 comparans,

69 1625 188 1707 Neque
210 1620 406 1697 inveniebat,
426 1618 525 1713 digito
546 1619 602 1704 qui
622 1641 656 1680 se
679 1632 842 1704 tangeret,

69 1703 210 1764 Licetne
229 1698 360 1783 paucis?
381 1699 412 1760 in
459 1710 493 1759 it.
513 1735 554 1745 —
576 1700 682 1761 Dicas,
700 1737 741 1748 -
762 1703 901 1765 Censeo:
939 1765 943 1770 ,
1049 1701 1093 1764 ὅλ

71 1782 215 1873 Quidvis
237 1778 374 1859 efficies,
394 1800 435 1841 ou
447 1791 514 1839 tum
534 1780 561 1840 si
580 1779 775 1862 deposueris.
794 1817 835 1828 -

70 1863 212 1926 Adeone
233 1882 295 1956 per
312 1881 363 1922 me
380 1859 501 1934 ¹uideor
518 1858 577 1920 tibi
598 1860 807 1922 meliuscula?
827 1897 867 1909 ·-

71 1944 159 2020 lmo,
179 1943 242 2003 nim
262 1941 405 2018 dederis,
425 1939 545 2021 sponda
567 1940 702 2003 cessabit
722 1954 787 2006 tua.
807 1977 847 1990 --

71 2025 116 2084 At
140 2045 209 2087 non
232 2021 399 2087 cessabunt
417 2021 533 2097 latera,
553 2021 742 2102 respondet,
761 2033 834 2101 tua3

72 2104 116 2164 Et
140 2102 307 2187 obiurgari
326 2103 415 2164 iussit
434 2098 547 2160 ferulis
571 2101 741 2183 garrulum.
835 2126 838 2133 ·

73 2183 290 2260 Armillamxis
310 2184 395 2245 tollit
412 2180 520 2266 paullo
532 2193 616 2262 ‚post
637 2193 827 2264 argenteam.

74 2263 157 2325 Eam
177 2285 244 2326 non
263 2284 418 2345 apparere
438 2271 475 2321 ut
497 2259 685 2324 dictumest
704 2262 848 2344 mulieri,

75 2343 206 2407 Furore
225 2343 319 2426 plena
341 2357 436 2407 vocat
455 2360 581 2419 omnes,
604 2353 636 2403 et
658 2342 794 2406 verbera

75 2424 238 2508 Proponit
257 2424 383 2506 gravia,
405 2441 517 2489 verum
536 2419 563 2482 si
583 2443 647 2488 nou
666 2422 811 2486 dixerint.

127 2627 198 2682 Fab.
215 2628 279 2694 XV,
296 2645 326 2680 v.
344 2629 368 2680 3.
385 2629 544 2698 Exemplum
552 2628 641 2680 Burm.
658 2630 771 2691 Vestem,
790 2629 936 2691 unionem
952 2627 999 2680 sed
1010 2612 1082 2678 lan·x

78 2696 162 2747 nellio
181 2705 249 2748 teste
269 2696 338 2749 Cod.
358 2697 439 2748 habet
462 2697 566 2758 Vestes,
587 2699 711 2748 ustiones.
728 2725 762 2735 -
779 2715 941 2768 comparans
956 2699 1085 2751 restituit.

79 2763 199 2815 Cassiius
219 2783 251 2817 ex
267 2767 489 2834 syllahucom...
506 2766 534 2814 in
552 2765 621 2816 Cod.
637 2766 759 2833 residuo3
787 2765 835 2818 sed
852 2767 995 2817 Iannellius
1020 2765 1071 2814 ibi·

80 2830 142 2882 dem
160 2834 288 2901 syllabam
305 2853 412 2885 sum...
431 2833 481 2884 sibi
501 2834 618 2885 invenire
635 2836 703 2885 visus
722 2844 771 2900 est,
788 2844 818 2884 ut
836 2837 937 2901 legeret
948 2843 1085 2898 solueret„

79 2926 113 2938 —
132 2918 160 2952 v.
180 2899 206 2966 4.
225 2901 293 2952 Cod.
312 2903 456 2965 invem'ret5
481 2904 598 2952 correxit
617 2901 743 2956 Cassitus.
761 2929 793 2945 u-
811 2919 841 2953 v.
860 2905 885 2954 5.
903 2901 991 2952 Dicas
1009 2902 1074 2950 viris

81 2965 215 3036 Cassilus3
232 2969 354 3022 Bothius:
374 2970 513 3036 „edicas.“
531 2970 664 3035 „Vires:“
683 2971 736 3024 Sed
747 2971 829 3036 Coa,
847 2979 916 3023 teste
934 2970 1074 3033 Iannellio,

81 3034 118 3086 iia
134 3046 166 3087 ut
182 3037 232 3089 rios
248 3038 386 3103 dedimus,
406 3037 571 3104 eandemque
588 3039 735 3090 lectionem
754 3043 832 3092 etium
847 3039 962 3092 Cassitus
972 3035 1073 3087 Ed.lV.

81 3107 183 3157 ascivit·
204 3136 238 3147 -·
258 3125 288 3158 v.
307 3108 332 3158 8.
351 3105 421 3159 Cod.
440 3106 569 3168 cessavit,
597 3107 671 3175 quod
693 3118 779 3160 servat
795 3107 922 3159 Cassitus.
941 3105 1073 3174 Currere·

81 3181 143 3223 runt
163 3174 294 3226 Burmann
312 3184 340 3227 et
356 3174 511 3226 Iannellius.
527 3200 560 3214 -
574 3191 605 3224 v.
625 3187 664 3226 ιο.
680 3175 748 3227 Cod.
761 3178 840 3228 iussit
854 3192 959 3224 seruum
969 3190 1073 3240 garru-

82 3236 146 3289 lum.
163 3241 318 3295 Emendavit
332 3243 451 3295 Bothius.
467 3259 545 3304 -,v.
566 3259 605 3292 11.
617 3242 686 3293 Cod.
704 3238 957 3314 ap'udlannellium:
975 3243 1075 3292 Paullo

82 3319 146 3373 post
164 3311 296 3361 armillum
314 3313 386 3363 tollit
405 3308 570 3378 argenteum.
589 3310 706 3362 Cassitus
723 3316 750 3364 in
769 3313 837 3362 Edd.
860 3311 996 3380 prioribus
1022 3310 1074 3359 tul·
1173 3323 1175 3334 ¹

9 3413 10 3416 η
84 3373 114 3423 lit
134 3377 158 3426 is
176 3391 282 3444 argent.
300 3381 461 3433 Iannellius:
480 3377 582 3428 tollunt
598 3391 769 3444 or'geisteam,
786 3398 865 3450 quam
883 3380 1028 3430 lectionem
1046 3372 1090 3426 iu'

84 3442 132 3494 Ed.
151 3445 196 3496 IV.
213 3447 327 3500 Cassitus
345 3449 474 3516 sequitur.
492 3447 655 3502 Burmannus
673 3452 791 3502 coniecit
827 3447 895 3500 erdit
913 3464 963 3515 pro
983 3446 1074 3505 tollit,-

85 3524 131 3562 nos
147 3513 233 3564 Bolhii
254 3516 470 3582 emendationem
489 3513 618 3567 dedimus.
634 3543 668 3556 ·-
685 3535 715 3571 v.
736 3521 775 3574 13.
817 3519 862 3572 od.
883 3524 949 3570 toste
968 3513 1074 3568 Iannel·
1107 3529 1124 3556 ⁰

85 3577 122 3635 110
140 3581 179 3633 ad
195 3581 320 3651 verber&
338 3584 454 3642 causitus
472 3594 497 3637 et
516 3582 636 3640 verbera·
662 3649 665 3656 ¹
