<?xml version="1.0" encoding="UTF-8"?>
<!DOCTYPE html PUBLIC "-//W3C//DTD XHTML 1.0 Transitional//EN"
    "http://www.w3.org/TR/xhtml1/DTD/xhtml1-transitional.dtd">
<html xmlns="http://www.w3.org/1999/xhtml" xml:lang="en" lang="en">
 <head>
  <title>
</title>
<meta http-equiv="Content-Type" content="text/html;charset=utf-8" />
  <meta name='ocr-system' content='tesseract 3.04.00' />
  <meta name='ocr-capabilities' content='ocr_page ocr_carea ocr_par ocr_line ocrx_word'/>
</head>
<body>
  <div class='ocr_page' id='page_1' title='image "./phaedriaugustil00aesogoog_0106.png"; bbox 0 0 2610 4002; ppageno 0'>
   <div class='ocr_carea' id='block_1_1' title="bbox 378 433 1081 551">
    <p class='ocr_par' dir='ltr' id='par_1_1' title="bbox 378 433 1081 551">
     <span class='ocr_line' id='line_1_1' title="bbox 378 433 1081 551; baseline 0.018 -29"><span class='ocrx_word' id='word_1_1' title='bbox 378 483 443 524; x_wconf 77' lang='lat' dir='ltr'><strong>rna.</strong></span> <span class='ocrx_word' id='word_1_2' title='bbox 465 464 528 543; x_wconf 84' lang='lat' dir='ltr'><strong>lv,</strong></span> <span class='ocrx_word' id='word_1_3' title='bbox 549 433 624 526; x_wconf 58' lang='lat' dir='ltr'><strong>riu.</strong></span> <span class='ocrx_word' id='word_1_4' title='bbox 644 467 788 541; x_wconf 48' lang='lat' dir='ltr'><strong>ad-ob</strong></span> <span class='ocrx_word' id='word_1_5' title='bbox 885 535 888 543; x_wconf 61' lang='grc'><strong>,</strong></span> <span class='ocrx_word' id='word_1_6' title='bbox 1041 475 1081 551; x_wconf 71' lang='lat' dir='ltr'><strong>tq</strong></span> 
     </span>
    </p>
   </div>
   <div class='ocr_carea' id='block_1_2' title="bbox 85 619 1078 1104">
    <p class='ocr_par' dir='ltr' id='par_1_2' title="bbox 85 619 1078 1104">
     <span class='ocr_line' id='line_1_2' title="bbox 85 619 860 710; baseline 0.014 -31"><span class='ocrx_word' id='word_1_7' title='bbox 85 619 168 682; x_wconf 80' lang='lat' dir='ltr'><strong>Mori</strong></span> <span class='ocrx_word' id='word_1_8' title='bbox 191 636 383 690; x_wconf 82' lang='lat' dir='ltr'><strong>contractam</strong></span> <span class='ocrx_word' id='word_1_9' title='bbox 397 633 502 710; x_wconf 78' lang='lat' dir='ltr'><strong>&#39;quum</strong></span> <span class='ocrx_word' id='word_1_10' title='bbox 524 635 558 686; x_wconf 90' lang='lat' dir='ltr'><strong>te</strong></span> <span class='ocrx_word' id='word_1_11' title='bbox 581 636 700 709; x_wconf 87' lang='lat' dir='ltr'><strong>cogunt</strong></span> <span class='ocrx_word' id='word_1_12' title='bbox 722 623 860 708; x_wconf 78' lang='lat' dir='ltr'><strong>frigora,</strong></span> 
     </span>
     <span class='ocr_line' id='line_1_3' title="bbox 85 699 1078 788; baseline 0.013 -30"><span class='ocrx_word' id='word_1_13' title='bbox 85 699 135 759; x_wconf 85' lang='lat' dir='ltr'><strong>lde</strong></span> <span class='ocrx_word' id='word_1_14' title='bbox 157 705 287 784; x_wconf 87' lang='lat' dir='ltr'><strong>eopiosa</strong></span> <span class='ocrx_word' id='word_1_15' title='bbox 307 706 423 788; x_wconf 79' lang='lat' dir='ltr'>recipit</span> <span class='ocrx_word' id='word_1_16' title='bbox 443 706 635 769; x_wconf 88' lang='lat' dir='ltr'><strong>incolumem</strong></span> <span class='ocrx_word' id='word_1_17' title='bbox 656 707 777 769; x_wconf 84' lang='lat' dir='ltr'><strong>domus.</strong></span> <span class='ocrx_word' id='word_1_18' title='bbox 941 767 944 776; x_wconf 83' lang='lat'><strong><em>‚</em></strong></span> <span class='ocrx_word' id='word_1_19' title='bbox 1039 730 1078 771; x_wconf 85' lang='lat' dir='ltr'><strong>oo</strong></span> 
     </span>
     <span class='ocr_line' id='line_1_4' title="bbox 86 776 682 870; baseline 0.023 -35"><span class='ocrx_word' id='word_1_20' title='bbox 86 776 166 840; x_wconf 78' lang='lat' dir='ltr'><strong>Satio</strong></span> <span class='ocrx_word' id='word_1_21' title='bbox 189 784 342 865; x_wconf 83' lang='lat' dir='ltr'><strong>prolecto</strong></span> <span class='ocrx_word' id='word_1_22' title='bbox 362 786 470 848; x_wconf 88' lang='lat' dir='ltr'><strong>retudi</strong></span> <span class='ocrx_word' id='word_1_23' title='bbox 494 786 682 870; x_wconf 79' lang='lat' dir='ltr'><strong>superbiam.</strong></span> 
     </span>
     <span class='ocr_line' id='line_1_5' title="bbox 123 859 855 928; baseline 0.015 -10"><span class='ocrx_word' id='word_1_24' title='bbox 123 859 255 926; x_wconf 81' lang='lat' dir='ltr'><strong>Fabella</strong></span> <span class='ocrx_word' id='word_1_25' title='bbox 274 867 344 926; x_wconf 85' lang='lat' dir='ltr'><strong>talis</strong></span> <span class='ocrx_word' id='word_1_26' title='bbox 366 866 529 928; x_wconf 90' lang='lat' dir='ltr'><strong>hominum</strong></span> <span class='ocrx_word' id='word_1_27' title='bbox 553 866 703 928; x_wconf 85' lang='lat' dir='ltr'><strong>discernit</strong></span> <span class='ocrx_word' id='word_1_28' title='bbox 723 880 813 928; x_wconf 78' lang='lat' dir='ltr'><strong>notae</strong></span> <span class='ocrx_word' id='word_1_29' title='bbox 845 889 855 908; x_wconf 89' lang='lat'><strong>·</strong></span> 
     </span>
     <span class='ocr_line' id='line_1_6' title="bbox 87 935 785 1029; baseline 0.011 -29"><span class='ocrx_word' id='word_1_30' title='bbox 87 935 225 1023; x_wconf 84' lang='lat' dir='ltr'><strong>Eorum,</strong></span> <span class='ocrx_word' id='word_1_31' title='bbox 246 945 301 1029; x_wconf 95' lang='lat' dir='ltr'><strong>qui</strong></span> <span class='ocrx_word' id='word_1_32' title='bbox 322 965 356 1008; x_wconf 85' lang='lat' dir='ltr'><strong>se</strong></span> <span class='ocrx_word' id='word_1_33' title='bbox 380 945 467 1007; x_wconf 80' lang='lat' dir='ltr'><strong>fuluis</strong></span> <span class='ocrx_word' id='word_1_34' title='bbox 490 959 604 1008; x_wconf 87' lang='lat' dir='ltr'><strong>ornant</strong></span> <span class='ocrx_word' id='word_1_35' title='bbox 623 947 785 1022; x_wconf 80' lang='lat' dir='ltr'>laudibus,</span> 
     </span>
     <span class='ocr_line' id='line_1_7' title="bbox 87 1014 831 1104; baseline 0.009 -23"><span class='ocrx_word' id='word_1_36' title='bbox 87 1014 128 1077; x_wconf 82' lang='lat' dir='ltr'><strong>Et</strong></span> <span class='ocrx_word' id='word_1_37' title='bbox 148 1041 287 1104; x_wconf 86' lang='lat' dir='ltr'><strong>quorum</strong></span> <span class='ocrx_word' id='word_1_38' title='bbox 309 1027 408 1089; x_wconf 83' lang='lat' dir='ltr'><strong>virtus</strong></span> <span class='ocrx_word' id='word_1_39' title='bbox 429 1026 558 1089; x_wconf 81' lang='lat' dir='ltr'>exhibet</span> <span class='ocrx_word' id='word_1_40' title='bbox 577 1027 713 1090; x_wconf 84' lang='lat' dir='ltr'><strong>solidum</strong></span> <span class='ocrx_word' id='word_1_41' title='bbox 734 1022 831 1090; x_wconf 70' lang='lat' dir='ltr'><strong>decus</strong></span> 
     </span>
    </p>
   </div>
   <div class='ocr_carea' id='block_1_3' title="bbox 281 1278 840 1468">
    <p class='ocr_par' dir='ltr' id='par_1_3' title="bbox 270 1278 840 1494">
     <span class='ocr_line' id='line_1_8' title="bbox 479 1278 688 1345; baseline 0 -5"><span class='ocrx_word' id='word_1_42' title='bbox 479 1298 554 1341; x_wconf 75' lang='lat' dir='ltr'><strong>rau.</strong></span> <span class='ocrx_word' id='word_1_43' title='bbox 575 1278 688 1345; x_wconf 82' lang='lat' dir='ltr'>XXIV.</span> 
     </span>
     <span class='ocr_line' id='line_1_9' title="bbox 281 1394 840 1468; baseline 0.009 -4.904"><span class='ocrx_word' id='word_1_44' title='bbox 281 1394 286 1399; x_wconf 88' lang='grc'>’</span> <span class='ocrx_word' id='word_1_45' title='bbox 324 1413 509 1466; x_wconf 76' lang='lat' dir='ltr'><strong>s1u0u1uus</strong></span> <span class='ocrx_word' id='word_1_46' title='bbox 527 1415 550 1465; x_wconf 80' lang='lat' dir='ltr'><strong>a</strong></span> <span class='ocrx_word' id='word_1_47' title='bbox 567 1415 635 1466; x_wconf 86' lang='lat' dir='ltr'><strong>ons</strong></span> <span class='ocrx_word' id='word_1_48' title='bbox 654 1415 840 1468; x_wconf 79' lang='lat' dir='ltr'><strong>suavarus.</strong></span> 
     </span>
    </p>
   </div>
   <div class='ocr_carea' id='block_1_4' title="bbox 70 1521 1079 2580">
    <p class='ocr_par' dir='ltr' id='par_1_4' title="bbox 70 1521 829 1613">
     <span class='ocr_line' id='line_1_10' title="bbox 70 1521 829 1613; baseline 0.009 -24"><span class='ocrx_word' id='word_1_49' title='bbox 70 1521 245 1600; x_wconf 53' lang='lat' dir='ltr'><strong>Quantum</strong></span> <span class='ocrx_word' id='word_1_50' title='bbox 265 1533 409 1595; x_wconf 82' lang='lat' dir='ltr'><strong>valerent</strong></span> <span class='ocrx_word' id='word_1_51' title='bbox 428 1534 511 1598; x_wconf 91' lang='lat' dir='ltr'><strong>inter</strong></span> <span class='ocrx_word' id='word_1_52' title='bbox 523 1534 677 1598; x_wconf 68' lang='lat' dir='ltr'><strong>&#39;homines</strong></span> <span class='ocrx_word' id='word_1_53' title='bbox 701 1535 829 1613; x_wconf 85' lang='lat' dir='ltr'><strong>literae,</strong></span> 
     </span>
    </p>

    <p class='ocr_par' dir='ltr' id='par_1_5' title="bbox 87 1603 810 1697">
     <span class='ocr_line' id='line_1_11' title="bbox 87 1603 810 1697; baseline 0.008 -29"><span class='ocrx_word' id='word_1_54' title='bbox 87 1603 156 1668; x_wconf 85' lang='lat' dir='ltr'>Dixi</span> <span class='ocrx_word' id='word_1_55' title='bbox 178 1613 341 1694; x_wconf 80' lang='lat' dir='ltr'><strong>superius:</strong></span> <span class='ocrx_word' id='word_1_56' title='bbox 363 1627 498 1697; x_wconf 86' lang='lat' dir='ltr'><strong>quantus</strong></span> <span class='ocrx_word' id='word_1_57' title='bbox 519 1635 600 1676; x_wconf 90' lang='lat' dir='ltr'><strong>nunc</strong></span> <span class='ocrx_word' id='word_1_58' title='bbox 620 1616 681 1679; x_wconf 86' lang='lat' dir='ltr'><strong>illis</strong></span> <span class='ocrx_word' id='word_1_59' title='bbox 702 1615 810 1677; x_wconf 80' lang='lat' dir='ltr'><strong>honos&#39;</strong></span> 
     </span>
    </p>

    <p class='ocr_par' dir='ltr' id='par_1_6' title="bbox 88 1684 901 1857">
     <span class='ocr_line' id='line_1_12' title="bbox 88 1684 901 1773; baseline 0.012 -25"><span class='ocrx_word' id='word_1_60' title='bbox 88 1684 115 1744; x_wconf 78' lang='grc' dir='ltr'><strong>Α</strong></span> <span class='ocrx_word' id='word_1_61' title='bbox 137 1689 269 1773; x_wconf 83' lang='lat' dir='ltr'>Superis</span> <span class='ocrx_word' id='word_1_62' title='bbox 291 1694 331 1755; x_wconf 89' lang='lat' dir='ltr'><strong>sit</strong></span> <span class='ocrx_word' id='word_1_63' title='bbox 353 1694 509 1772; x_wconf 77' lang='lat' dir='ltr'><strong>tributus,</strong></span> <span class='ocrx_word' id='word_1_64' title='bbox 534 1695 655 1756; x_wconf 84' lang='lat' dir='ltr'><strong>tradam</strong></span> <span class='ocrx_word' id='word_1_65' title='bbox 677 1697 859 1757; x_wconf 79' lang='lat' dir='ltr'><strong>memoriae.</strong></span> <span class='ocrx_word' id='word_1_66' title='bbox 900 1705 901 1710; x_wconf 76' lang='grc'>’</span> 
     </span>
     <span class='ocr_line' id='line_1_13' title="bbox 124 1764 864 1857; baseline 0.009 -30"><span class='ocrx_word' id='word_1_67' title='bbox 124 1764 300 1834; x_wconf 81' lang='lat' dir='ltr'><strong>Simonides</strong></span> <span class='ocrx_word' id='word_1_68' title='bbox 321 1774 405 1836; x_wconf 90' lang='lat' dir='ltr'><strong>idem</strong></span> <span class='ocrx_word' id='word_1_69' title='bbox 427 1774 497 1849; x_wconf 81' lang='lat' dir='ltr'><strong>ille,</strong></span> <span class='ocrx_word' id='word_1_70' title='bbox 520 1775 561 1835; x_wconf 90' lang='lat' dir='ltr'><strong>de</strong></span> <span class='ocrx_word' id='word_1_71' title='bbox 582 1797 648 1857; x_wconf 88' lang='lat' dir='ltr'><strong>quo</strong></span> <span class='ocrx_word' id='word_1_72' title='bbox 669 1775 781 1848; x_wconf 81' lang='lat' dir='ltr'><strong>retuli,</strong></span> <span class='ocrx_word' id='word_1_73' title='bbox 862 1791 864 1796; x_wconf 82' lang='grc'><strong>’</strong></span> 
     </span>
    </p>

    <p class='ocr_par' dir='ltr' id='par_1_7' title="bbox 89 1842 1079 1936">
     <span class='ocr_line' id='line_1_14' title="bbox 89 1842 1079 1936; baseline 0.015 -32"><span class='ocrx_word' id='word_1_74' title='bbox 89 1842 223 1913; x_wconf 89' lang='lat' dir='ltr'><strong>Victoris</strong></span> <span class='ocrx_word' id='word_1_75' title='bbox 244 1853 370 1916; x_wconf 88' lang='lat' dir='ltr'><strong>laudem</strong></span> <span class='ocrx_word' id='word_1_76' title='bbox 392 1854 515 1930; x_wconf 83' lang='lat' dir='ltr'><strong>cuidam</strong></span> <span class='ocrx_word' id='word_1_77' title='bbox 535 1856 652 1936; x_wconf 86' lang='lat' dir='ltr'><strong>Pyctao</strong></span> <span class='ocrx_word' id='word_1_78' title='bbox 671 1866 707 1915; x_wconf 91' lang='lat' dir='ltr'><strong>ut</strong></span> <span class='ocrx_word' id='word_1_79' title='bbox 728 1854 899 1930; x_wconf 78' lang='lat' dir='ltr'><strong>scriberet,</strong></span> <span class='ocrx_word' id='word_1_80' title='bbox 1059 1859 1079 1919; x_wconf 79' lang='lat'>5</span> 
     </span>
    </p>

    <p class='ocr_par' dir='ltr' id='par_1_8' title="bbox 89 1925 786 2016">
     <span class='ocr_line' id='line_1_15' title="bbox 89 1925 786 2016; baseline 0.014 -32"><span class='ocrx_word' id='word_1_81' title='bbox 89 1925 180 1994; x_wconf 90' lang='lat' dir='ltr'><strong>Certo</strong></span> <span class='ocrx_word' id='word_1_82' title='bbox 202 1934 354 1995; x_wconf 84' lang='lat' dir='ltr'><strong>conduxit</strong></span> <span class='ocrx_word' id='word_1_83' title='bbox 373 1935 492 2016; x_wconf 84' lang='lat' dir='ltr'><strong>pretio:</strong></span> <span class='ocrx_word' id='word_1_84' title='bbox 517 1946 675 1996; x_wconf 80' lang='lat' dir='ltr'><strong>secretum</strong></span> <span class='ocrx_word' id='word_1_85' title='bbox 696 1938 786 2016; x_wconf 83' lang='lat' dir='ltr'><strong>petit.</strong></span> 
     </span>
    </p>

    <p class='ocr_par' dir='ltr' id='par_1_9' title="bbox 87 2002 926 2098">
     <span class='ocr_line' id='line_1_16' title="bbox 87 2002 926 2098; baseline 0.017 -36"><span class='ocrx_word' id='word_1_86' title='bbox 87 2002 205 2092; x_wconf 82' lang='lat' dir='ltr'><strong>Exigua</strong></span> <span class='ocrx_word' id='word_1_87' title='bbox 230 2035 329 2096; x_wconf 92' lang='lat' dir='ltr'><strong>quum</strong></span> <span class='ocrx_word' id='word_1_88' title='bbox 349 2013 491 2076; x_wconf 79' lang='lat' dir='ltr'><strong>frenaret</strong></span> <span class='ocrx_word' id='word_1_89' title='bbox 510 2015 641 2076; x_wconf 86' lang='lat' dir='ltr'><strong>materia</strong></span> <span class='ocrx_word' id='word_1_90' title='bbox 661 2016 829 2098; x_wconf 75' lang='lat' dir='ltr'><strong>impetum,</strong></span> <span class='ocrx_word' id='word_1_91' title='bbox 922 2089 926 2098; x_wconf 27' lang='grc' dir='ltr'>ι</span> 
     </span>
    </p>

    <p class='ocr_par' dir='ltr' id='par_1_10' title="bbox 88 2081 729 2174">
     <span class='ocr_line' id='line_1_17' title="bbox 88 2081 729 2174; baseline 0.02 -31"><span class='ocrx_word' id='word_1_92' title='bbox 88 2081 164 2149; x_wconf 81' lang='lat' dir='ltr'><strong>Usus</strong></span> <span class='ocrx_word' id='word_1_93' title='bbox 183 2097 303 2174; x_wconf 68' lang='lat' dir='ltr'><strong>politae</strong></span> <span class='ocrx_word' id='word_1_94' title='bbox 327 2096 425 2158; x_wconf 77' lang='lat' dir='ltr'><strong>moris</strong></span> <span class='ocrx_word' id='word_1_95' title='bbox 446 2106 495 2156; x_wconf 84' lang='lat' dir='ltr'><strong>eat</strong></span> <span class='ocrx_word' id='word_1_96' title='bbox 516 2095 658 2172; x_wconf 85' lang='lat' dir='ltr'><strong>licentia,</strong></span> <span class='ocrx_word' id='word_1_97' title='bbox 726 2101 729 2106; x_wconf 85' lang='grc'><strong><em>’</em></strong></span> 
     </span>
    </p>

    <p class='ocr_par' dir='ltr' id='par_1_11' title="bbox 87 2163 812 2269">
     <span class='ocr_line' id='line_1_18' title="bbox 87 2163 812 2269; baseline 0.012 -41"><span class='ocrx_word' id='word_1_98' title='bbox 87 2163 190 2251; x_wconf 81' lang='lat' dir='ltr'><strong>Atque</strong></span> <span class='ocrx_word' id='word_1_99' title='bbox 209 2174 401 2258; x_wconf 82' lang='lat' dir='ltr'><strong>interposuit</strong></span> <span class='ocrx_word' id='word_1_100' title='bbox 420 2175 544 2269; x_wconf 74' lang='lat' dir='ltr'><strong>gemina</strong></span> <span class='ocrx_word' id='word_1_101' title='bbox 564 2177 671 2237; x_wconf 89' lang='lat' dir='ltr'><strong>Ledae</strong></span> <span class='ocrx_word' id='word_1_102' title='bbox 693 2176 812 2254; x_wconf 82' lang='lat' dir='ltr'><strong>sidera,</strong></span> 
     </span>
    </p>

    <p class='ocr_par' dir='ltr' id='par_1_12' title="bbox 88 2245 1079 2350">
     <span class='ocr_line' id='line_1_19' title="bbox 88 2245 1079 2350; baseline 0.009 -39"><span class='ocrx_word' id='word_1_103' title='bbox 88 2245 314 2316; x_wconf 74' lang='lat' dir='ltr'><strong>Auctoritatem</strong></span> <span class='ocrx_word' id='word_1_104' title='bbox 333 2256 443 2318; x_wconf 18' lang='lat' dir='ltr'><strong>*similrs</strong></span> <span class='ocrx_word' id='word_1_105' title='bbox 464 2255 610 2318; x_wconf 87' lang='lat' dir='ltr'><strong>referens</strong></span> <span class='ocrx_word' id='word_1_106' title='bbox 630 2257 760 2350; x_wconf 73' lang='lat' dir='ltr'><strong>gloriae.</strong></span> <span class='ocrx_word' id='word_1_107' title='bbox 1044 2279 1079 2320; x_wconf 88' lang='grc' dir='ltr'><strong>ιο</strong></span> 
     </span>
    </p>

    <p class='ocr_par' dir='ltr' id='par_1_13' title="bbox 90 2322 832 2416">
     <span class='ocr_line' id='line_1_20' title="bbox 90 2322 832 2416; baseline 0.008 -25"><span class='ocrx_word' id='word_1_108' title='bbox 90 2322 177 2408; x_wconf 81' lang='lat' dir='ltr'><strong>Opus</strong></span> <span class='ocrx_word' id='word_1_109' title='bbox 199 2333 405 2416; x_wconf 84' lang='lat' dir='ltr'><strong>approbavit3</strong></span> <span class='ocrx_word' id='word_1_110' title='bbox 426 2336 483 2396; x_wconf 81' lang='lat' dir='ltr'><strong>scd</strong></span> <span class='ocrx_word' id='word_1_111' title='bbox 505 2337 663 2397; x_wconf 80' lang='lat' dir='ltr'><strong>mercedrs</strong></span> <span class='ocrx_word' id='word_1_112' title='bbox 683 2338 810 2398; x_wconf 82' lang='lat' dir='ltr'><strong>tertiam</strong></span> <span class='ocrx_word' id='word_1_113' title='bbox 831 2349 832 2354; x_wconf 77' lang='grc'>’</span> 
     </span>
    </p>

    <p class='ocr_par' dir='ltr' id='par_1_14' title="bbox 90 2403 889 2506">
     <span class='ocr_line' id='line_1_21' title="bbox 90 2403 889 2506; baseline 0.018 -42"><span class='ocrx_word' id='word_1_114' title='bbox 90 2403 219 2506; x_wconf 76' lang='lat' dir='ltr'><strong>Accepit</strong></span> <span class='ocrx_word' id='word_1_115' title='bbox 239 2425 373 2495; x_wconf 87' lang='lat' dir='ltr'><strong>partem.</strong></span> <span class='ocrx_word' id='word_1_116' title='bbox 414 2415 523 2503; x_wconf 86' lang='lat' dir='ltr'><strong>Quum</strong></span> <span class='ocrx_word' id='word_1_117' title='bbox 544 2415 703 2502; x_wconf 84' lang='lat' dir='ltr'><strong>reliqiium</strong></span> <span class='ocrx_word' id='word_1_118' title='bbox 722 2429 889 2498; x_wconf 73' lang='lat' dir='ltr'><strong>posceret,</strong></span> 
     </span>
    </p>

    <p class='ocr_par' dir='ltr' id='par_1_15' title="bbox 90 2483 962 2580">
     <span class='ocr_line' id='line_1_22' title="bbox 90 2483 962 2580; baseline 0.005 -28"><span class='ocrx_word' id='word_1_119' title='bbox 90 2483 150 2566; x_wconf 73' lang='lat' dir='ltr'><strong>llll,</strong></span> <span class='ocrx_word' id='word_1_120' title='bbox 166 2493 289 2580; x_wconf 72' lang='lat' dir='ltr'><strong>inquit,</strong></span> <span class='ocrx_word' id='word_1_121' title='bbox 309 2493 462 2572; x_wconf 84' lang='lat' dir='ltr'><strong>reddent,</strong></span> <span class='ocrx_word' id='word_1_122' title='bbox 483 2515 620 2578; x_wconf 89' lang='lat' dir='ltr'><strong>quorum</strong></span> <span class='ocrx_word' id='word_1_123' title='bbox 643 2506 716 2556; x_wconf 89' lang='lat' dir='ltr'><strong>sunt</strong></span> <span class='ocrx_word' id='word_1_124' title='bbox 736 2492 845 2557; x_wconf 88' lang='lat' dir='ltr'><strong>laudes</strong></span> <span class='ocrx_word' id='word_1_125' title='bbox 869 2495 962 2557; x_wconf 89' lang='lat' dir='ltr'><strong>duae.</strong></span> 
     </span>
    </p>
   </div>
   <div class='ocr_carea' id='block_1_5' title="bbox 91 2620 286 2646">
    <p class='ocr_par' dir='ltr' id='par_1_16' title="bbox 91 2620 286 2646">
     <span class='ocr_line' id='line_1_23' title="bbox 91 2620 286 2646; baseline 0.005 -1"><span class='ocrx_word' id='word_1_126' title='bbox 91 2620 286 2646; x_wconf 44' lang='grc' dir='ltr'><strong>Ν--ι-σ</strong></span> 
     </span>
    </p>
   </div>
   <div class='ocr_carea' id='block_1_6' title="bbox 89 2697 698 2764">
    <p class='ocr_par' dir='ltr' id='par_1_17' title="bbox 89 2697 698 2764">
     <span class='ocr_line' id='line_1_24' title="bbox 89 2697 698 2764; baseline 0.011 -19"><span class='ocrx_word' id='word_1_127' title='bbox 89 2716 119 2733; x_wconf 78' lang='lat'><em>—</em></span> <span class='ocrx_word' id='word_1_128' title='bbox 134 2711 163 2746; x_wconf 85' lang='lat' dir='ltr'><strong>v.</strong></span> <span class='ocrx_word' id='word_1_129' title='bbox 181 2715 214 2750; x_wconf 80' lang='lat' dir='ltr'><strong>uo</strong></span> <span class='ocrx_word' id='word_1_130' title='bbox 233 2725 266 2740; x_wconf 92' lang='lat'><strong>—·</strong></span> <span class='ocrx_word' id='word_1_131' title='bbox 284 2697 325 2764; x_wconf 60' lang='lat' dir='ltr'><strong>alp.</strong></span> <span class='ocrx_word' id='word_1_132' title='bbox 345 2699 442 2751; x_wconf 76' lang='lat' dir='ltr'><strong>desunt</strong></span> <span class='ocrx_word' id='word_1_133' title='bbox 458 2701 486 2752; x_wconf 90' lang='lat' dir='ltr'><strong>in</strong></span> <span class='ocrx_word' id='word_1_134' title='bbox 507 2699 577 2756; x_wconf 88' lang='lat' dir='ltr'><strong>Cod.</strong></span> <span class='ocrx_word' id='word_1_135' title='bbox 595 2699 698 2752; x_wconf 87' lang='lat' dir='ltr'><strong>Perott.</strong></span> 
     </span>
    </p>
   </div>
   <div class='ocr_carea' id='block_1_7' title="bbox 150 2766 1162 2835">
    <p class='ocr_par' dir='ltr' id='par_1_18' title="bbox 150 2766 1162 2835">
     <span class='ocr_line' id='line_1_25' title="bbox 150 2766 1162 2835; baseline 0.004 -20"><span class='ocrx_word' id='word_1_136' title='bbox 150 2766 218 2818; x_wconf 82' lang='lat' dir='ltr'><strong>Fab.</strong></span> <span class='ocrx_word' id='word_1_137' title='bbox 238 2769 342 2831; x_wconf 82' lang='lat' dir='ltr'>XXIV,</span> <span class='ocrx_word' id='word_1_138' title='bbox 360 2784 388 2818; x_wconf 88' lang='lat' dir='ltr'><strong>v.</strong></span> <span class='ocrx_word' id='word_1_139' title='bbox 410 2784 420 2818; x_wconf 89' lang='lat'>1</span> <span class='ocrx_word' id='word_1_140' title='bbox 442 2796 474 2808; x_wconf 87' lang='lat'><em>-</em></span> <span class='ocrx_word' id='word_1_141' title='bbox 494 2769 518 2820; x_wconf 82' lang='lat'><strong>3.</strong></span> <span class='ocrx_word' id='word_1_142' title='bbox 538 2769 636 2820; x_wconf 88' lang='lat' dir='ltr'><strong>omittit</strong></span> <span class='ocrx_word' id='word_1_143' title='bbox 656 2769 724 2820; x_wconf 90' lang='lat' dir='ltr'><strong>Cod.</strong></span> <span class='ocrx_word' id='word_1_144' title='bbox 745 2769 846 2822; x_wconf 85' lang='lat' dir='ltr'><strong>Perott.</strong></span> <span class='ocrx_word' id='word_1_145' title='bbox 883 2767 1008 2835; x_wconf 85' lang='lat' dir='ltr'><strong>idemque</strong></span> <span class='ocrx_word' id='word_1_146' title='bbox 1049 2786 1076 2818; x_wconf 87' lang='lat' dir='ltr'><strong>v.</strong></span> <span class='ocrx_word' id='word_1_147' title='bbox 1161 2771 1162 2776; x_wconf 77' lang='grc'>’</span> 
     </span>
    </p>
   </div>
   <div class='ocr_carea' id='block_1_8' title="bbox 88 2823 1156 3570">
    <p class='ocr_par' dir='ltr' id='par_1_19' title="bbox 88 2823 1156 3570">
     <span class='ocr_line' id='line_1_26' title="bbox 89 2823 1156 2906; baseline 0.007 -27"><span class='ocrx_word' id='word_1_148' title='bbox 89 2823 114 2891; x_wconf 54' lang='grc' dir='ltr'><strong>ἀς</strong></span> <span class='ocrx_word' id='word_1_149' title='bbox 127 2831 180 2886; x_wconf 79' lang='lat' dir='ltr'><strong>alc:</strong></span> <span class='ocrx_word' id='word_1_150' title='bbox 199 2833 353 2886; x_wconf 79' lang='lat' dir='ltr'><strong>Simonides</strong></span> <span class='ocrx_word' id='word_1_151' title='bbox 370 2833 415 2884; x_wconf 84' lang='lat' dir='ltr'><strong>ille</strong></span> <span class='ocrx_word' id='word_1_152' title='bbox 432 2854 518 2906; x_wconf 79' lang='lat' dir='ltr'><strong>supra</strong></span> <span class='ocrx_word' id='word_1_153' title='bbox 536 2835 568 2886; x_wconf 76' lang='lat' dir='ltr'><strong>de</strong></span> <span class='ocrx_word' id='word_1_154' title='bbox 587 2855 643 2906; x_wconf 84' lang='lat' dir='ltr'><strong>quo</strong></span> <span class='ocrx_word' id='word_1_155' title='bbox 662 2838 753 2888; x_wconf 82' lang='lat' dir='ltr'><strong>retuli.</strong></span> <span class='ocrx_word' id='word_1_156' title='bbox 766 2866 797 2876; x_wconf 92' lang='lat'>-</span> <span class='ocrx_word' id='word_1_157' title='bbox 809 2855 839 2889; x_wconf 82' lang='lat' dir='ltr'><strong>v.</strong></span> <span class='ocrx_word' id='word_1_158' title='bbox 855 2838 878 2889; x_wconf 86' lang='lat'><strong>5.</strong></span> <span class='ocrx_word' id='word_1_159' title='bbox 892 2835 960 2886; x_wconf 89' lang='lat' dir='ltr'><strong>Cod.</strong></span> <span class='ocrx_word' id='word_1_160' title='bbox 973 2837 1075 2887; x_wconf 84' lang='lat' dir='ltr'><strong>Perott.</strong></span> <span class='ocrx_word' id='word_1_161' title='bbox 1153 2893 1156 2900; x_wconf 25' lang='lat' dir='ltr'>y</span> 
     </span>
     <span class='ocr_line' id='line_1_27' title="bbox 93 2896 1076 2974; baseline 0.006 -24"><span class='ocrx_word' id='word_1_162' title='bbox 93 2896 197 2954; x_wconf 65' lang='lat' dir='ltr'><strong>Wetora&#39;.</strong></span> <span class='ocrx_word' id='word_1_163' title='bbox 215 2905 249 2943; x_wconf 67' lang='grc' dir='ltr'><strong>ἑ·</strong></span> <span class='ocrx_word' id='word_1_164' title='bbox 264 2921 294 2954; x_wconf 88' lang='lat' dir='ltr'><strong>v.</strong></span> <span class='ocrx_word' id='word_1_165' title='bbox 312 2903 338 2954; x_wconf 82' lang='lat'><strong>6.</strong></span> <span class='ocrx_word' id='word_1_166' title='bbox 357 2903 445 2954; x_wconf 88' lang='lat' dir='ltr'><strong>Godd.</strong></span> <span class='ocrx_word' id='word_1_167' title='bbox 465 2903 614 2967; x_wconf 62' lang='lat' dir='ltr'><strong>condona·</strong></span> <span class='ocrx_word' id='word_1_168' title='bbox 640 2906 688 2958; x_wconf 81' lang='lat' dir='ltr'><strong>sed</strong></span> <span class='ocrx_word' id='word_1_169' title='bbox 712 2909 858 2974; x_wconf 82' lang='lat' dir='ltr'><strong>pleraeque</strong></span> <span class='ocrx_word' id='word_1_170' title='bbox 879 2903 946 2956; x_wconf 86' lang='lat' dir='ltr'><strong>Edd.</strong></span> <span class='ocrx_word' id='word_1_171' title='bbox 965 2913 1076 2956; x_wconf 77' lang='lat' dir='ltr'><strong>auctore</strong></span> 
     </span>
     <span class='ocr_line' id='line_1_28' title="bbox 88 2961 1124 3036; baseline 0.01 -22"><span class='ocrx_word' id='word_1_172' title='bbox 88 2961 200 3023; x_wconf 78' lang='lat' dir='ltr'><strong>Mouraio</strong></span> <span class='ocrx_word' id='word_1_173' title='bbox 218 2971 351 3024; x_wconf 65' lang='lat' dir='ltr'><strong>conduc.</strong></span> <span class='ocrx_word' id='word_1_174' title='bbox 370 2999 403 3012; x_wconf 89' lang='lat'><em>-</em></span> <span class='ocrx_word' id='word_1_175' title='bbox 420 2989 449 3022; x_wconf 84' lang='grc' dir='ltr'><strong>ν.</strong></span> <span class='ocrx_word' id='word_1_176' title='bbox 469 2973 494 3024; x_wconf 89' lang='grc'><strong>8.</strong></span> <span class='ocrx_word' id='word_1_177' title='bbox 514 2971 555 3024; x_wconf 86' lang='lat' dir='ltr'><strong>Ita</strong></span> <span class='ocrx_word' id='word_1_178' title='bbox 574 2973 642 3025; x_wconf 85' lang='lat' dir='ltr'><strong>Cod.</strong></span> <span class='ocrx_word' id='word_1_179' title='bbox 659 2973 728 3025; x_wconf 90' lang='lat' dir='ltr'><strong>Pitb.</strong></span> <span class='ocrx_word' id='word_1_180' title='bbox 748 2983 776 3026; x_wconf 88' lang='lat' dir='ltr'><strong>et</strong></span> <span class='ocrx_word' id='word_1_181' title='bbox 791 2976 865 3024; x_wconf 86' lang='lat' dir='ltr'><strong>Rem.</strong></span> <span class='ocrx_word' id='word_1_182' title='bbox 874 2972 1076 3036; x_wconf 73' lang='lat' dir='ltr'><strong>liitterslruaiua:</strong></span> <span class='ocrx_word' id='word_1_183' title='bbox 1116 3003 1124 3014; x_wconf 86' lang='lat'>·</span> 
     </span>
     <span class='ocr_line' id='line_1_29' title="bbox 91 3030 1078 3110; baseline 0.01 -28"><span class='ocrx_word' id='word_1_184' title='bbox 91 3030 160 3086; x_wconf 68' lang='lat' dir='ltr'><strong>vebs</strong></span> <span class='ocrx_word' id='word_1_185' title='bbox 175 3052 256 3108; x_wconf 80' lang='lat' dir='ltr'><strong>poeto</strong></span> <span class='ocrx_word' id='word_1_186' title='bbox 273 3041 358 3092; x_wconf 80' lang='lat' dir='ltr'><strong>moria</strong></span> <span class='ocrx_word' id='word_1_187' title='bbox 376 3049 418 3089; x_wconf 79' lang='lat' dir='ltr'><strong>est</strong></span> <span class='ocrx_word' id='word_1_188' title='bbox 438 3040 559 3092; x_wconf 78' lang='lat' dir='ltr'><strong>lieentia.</strong></span> <span class='ocrx_word' id='word_1_189' title='bbox 574 3035 703 3110; x_wconf 69' lang='lat' dir='ltr'><strong>Rigaltiu&#39;a</strong></span> <span class='ocrx_word' id='word_1_190' title='bbox 721 3051 746 3093; x_wconf 89' lang='lat' dir='ltr'><strong>et</strong></span> <span class='ocrx_word' id='word_1_191' title='bbox 766 3043 810 3094; x_wconf 82' lang='lat' dir='ltr'><strong>alii</strong></span> <span class='ocrx_word' id='word_1_192' title='bbox 825 3041 924 3092; x_wconf 86' lang='lat' dir='ltr'><strong>deinde</strong></span> <span class='ocrx_word' id='word_1_193' title='bbox 937 3042 1059 3110; x_wconf 85' lang='lat' dir='ltr'><strong>plerique</strong></span> <span class='ocrx_word' id='word_1_194' title='bbox 1068 3057 1078 3099; x_wconf 70' lang='lat' dir='ltr'><strong>t,</strong></span> 
     </span>
     <span class='ocr_line' id='line_1_30' title="bbox 91 3097 1076 3178; baseline 0.007 -26"><span class='ocrx_word' id='word_1_195' title='bbox 91 3097 159 3154; x_wconf 73' lang='lat' dir='ltr'><strong>Utus</strong></span> <span class='ocrx_word' id='word_1_196' title='bbox 174 3121 286 3176; x_wconf 85' lang='lat' dir='ltr'><strong>poetae,</strong></span> <span class='ocrx_word' id='word_1_197' title='bbox 305 3119 336 3160; x_wconf 86' lang='lat' dir='ltr'><strong>ut</strong></span> <span class='ocrx_word' id='word_1_198' title='bbox 354 3109 441 3159; x_wconf 78' lang='lat' dir='ltr'><strong>moris</strong></span> <span class='ocrx_word' id='word_1_199' title='bbox 459 3118 514 3169; x_wconf 83' lang='lat' dir='ltr'><strong>est,</strong></span> <span class='ocrx_word' id='word_1_200' title='bbox 533 3109 655 3162; x_wconf 75' lang='lat' dir='ltr'><strong>licentia.</strong></span> <span class='ocrx_word' id='word_1_201' title='bbox 677 3109 745 3161; x_wconf 89' lang='lat' dir='ltr'><strong>Cod.</strong></span> <span class='ocrx_word' id='word_1_202' title='bbox 762 3112 864 3162; x_wconf 88' lang='lat' dir='ltr'><strong>Perott.</strong></span> <span class='ocrx_word' id='word_1_203' title='bbox 894 3109 964 3161; x_wconf 77' lang='lat' dir='ltr'><strong>Usrcs</strong></span> <span class='ocrx_word' id='word_1_204' title='bbox 980 3120 1076 3178; x_wconf 82' lang='lat' dir='ltr'><strong>poetae</strong></span> 
     </span>
     <span class='ocr_line' id='line_1_31' title="bbox 88 3176 1097 3239; baseline 0.014 -23"><span class='ocrx_word' id='word_1_205' title='bbox 88 3181 157 3222; x_wconf 83' lang='lat' dir='ltr'><strong>more</strong></span> <span class='ocrx_word' id='word_1_206' title='bbox 176 3187 201 3226; x_wconf 80' lang='lat' dir='ltr'><strong>et</strong></span> <span class='ocrx_word' id='word_1_207' title='bbox 218 3178 330 3230; x_wconf 75' lang='lat' dir='ltr'><strong>lr&#39;centia</strong></span> <span class='ocrx_word' id='word_1_208' title='bbox 347 3187 406 3239; x_wconf 81' lang='lat' dir='ltr'><strong>est,</strong></span> <span class='ocrx_word' id='word_1_209' title='bbox 425 3176 594 3230; x_wconf 84' lang='lat' dir='ltr'><strong>claudicante</strong></span> <span class='ocrx_word' id='word_1_210' title='bbox 610 3187 697 3230; x_wconf 87' lang='lat' dir='ltr'><strong>metro</strong></span> <span class='ocrx_word' id='word_1_211' title='bbox 717 3179 759 3230; x_wconf 87' lang='lat' dir='ltr'><strong>eui</strong></span> <span class='ocrx_word' id='word_1_212' title='bbox 773 3179 937 3229; x_wconf 83' lang='lat' dir='ltr'><strong>Burmannus</strong></span> <span class='ocrx_word' id='word_1_213' title='bbox 954 3178 1076 3230; x_wconf 78' lang='lat' dir='ltr'><strong>subvenit</strong></span> <span class='ocrx_word' id='word_1_214' title='bbox 1095 3215 1097 3220; x_wconf 88' lang='lat'><em>-</em></span> 
     </span>
     <span class='ocr_line' id='line_1_32' title="bbox 89 3239 1075 3317; baseline 0.011 -32"><span class='ocrx_word' id='word_1_215' title='bbox 89 3239 241 3299; x_wconf 76' lang='lat' dir='ltr'><strong>scribendo:</strong></span> <span class='ocrx_word' id='word_1_216' title='bbox 262 3246 332 3298; x_wconf 73' lang='lat' dir='ltr'><strong>Usus</strong></span> <span class='ocrx_word' id='word_1_217' title='bbox 371 3256 447 3296; x_wconf 79' lang='lat' dir='ltr'><strong>cetae</strong></span> <span class='ocrx_word' id='word_1_218' title='bbox 464 3262 537 3296; x_wconf 84' lang='lat' dir='ltr'><strong>more</strong></span> <span class='ocrx_word' id='word_1_219' title='bbox 555 3257 594 3296; x_wconf 82' lang='lat' dir='ltr'><strong>est</strong></span> <span class='ocrx_word' id='word_1_220' title='bbox 611 3258 636 3296; x_wconf 84' lang='lat' dir='ltr'><strong>et</strong></span> <span class='ocrx_word' id='word_1_221' title='bbox 655 3245 774 3298; x_wconf 72' lang='lat' dir='ltr'><strong>licentia.</strong></span> <span class='ocrx_word' id='word_1_222' title='bbox 792 3275 826 3294; x_wconf 63' lang='grc' dir='ltr'><strong>-ι-</strong></span> <span class='ocrx_word' id='word_1_223' title='bbox 842 3263 872 3296; x_wconf 84' lang='grc' dir='ltr'><strong>ν.</strong></span> <span class='ocrx_word' id='word_1_224' title='bbox 886 3261 924 3296; x_wconf 79' lang='lat'><strong>12.</strong></span> <span class='ocrx_word' id='word_1_225' title='bbox 940 3245 1075 3317; x_wconf 83' lang='lat' dir='ltr'><strong>reliquum</strong></span> 
     </span>
     <span class='ocr_line' id='line_1_33' title="bbox 90 3311 1077 3368; baseline 0.01 -10"><span class='ocrx_word' id='word_1_226' title='bbox 90 3311 232 3364; x_wconf 72' lang='lat' dir='ltr'><strong>emendavit</strong></span> <span class='ocrx_word' id='word_1_227' title='bbox 250 3311 322 3365; x_wconf 89' lang='lat' dir='ltr'><strong>Gud.</strong></span> <span class='ocrx_word' id='word_1_228' title='bbox 354 3331 370 3363; x_wconf 94' lang='lat' dir='ltr'><strong>n</strong></span> <span class='ocrx_word' id='word_1_229' title='bbox 390 3313 477 3367; x_wconf 86' lang='lat' dir='ltr'><strong>Godd.</strong></span> <span class='ocrx_word' id='word_1_230' title='bbox 496 3313 550 3364; x_wconf 81' lang='lat' dir='ltr'><strong>reli</strong></span> <span class='ocrx_word' id='word_1_231' title='bbox 568 3332 638 3365; x_wconf 85' lang='lat' dir='ltr'><strong>unm.</strong></span> <span class='ocrx_word' id='word_1_232' title='bbox 664 3341 699 3354; x_wconf 88' lang='lat'><strong>--</strong></span> <span class='ocrx_word' id='word_1_233' title='bbox 725 3331 754 3366; x_wconf 82' lang='lat' dir='ltr'><strong>u.</strong></span> <span class='ocrx_word' id='word_1_234' title='bbox 776 3317 815 3366; x_wconf 79' lang='lat'><strong>13.</strong></span> <span class='ocrx_word' id='word_1_235' title='bbox 834 3312 928 3364; x_wconf 82' lang='lat' dir='ltr'><strong>laudes</strong></span> <span class='ocrx_word' id='word_1_236' title='bbox 945 3313 1016 3365; x_wconf 71' lang='lat' dir='ltr'><strong>diane</strong></span> <span class='ocrx_word' id='word_1_237' title='bbox 1034 3323 1077 3368; x_wconf 79' lang='lat' dir='ltr'><strong>est</strong></span> 
     </span>
     <span class='ocr_line' id='line_1_34' title="bbox 89 3332 1074 3436; baseline 0.012 -14"><span class='ocrx_word' id='word_1_238' title='bbox 89 3369 172 3428; x_wconf 83' lang='lat' dir='ltr'><strong>Codd.</strong></span> <span class='ocrx_word' id='word_1_239' title='bbox 190 3380 259 3432; x_wconf 88' lang='lat' dir='ltr'><strong>Pitb.</strong></span> <span class='ocrx_word' id='word_1_240' title='bbox 278 3391 305 3434; x_wconf 89' lang='lat' dir='ltr'><strong>et</strong></span> <span class='ocrx_word' id='word_1_241' title='bbox 322 3383 394 3433; x_wconf 86' lang='lat' dir='ltr'><strong>Rem.</strong></span> <span class='ocrx_word' id='word_1_242' title='bbox 413 3382 496 3434; x_wconf 88' lang='lat' dir='ltr'><strong>lectio</strong></span> <span class='ocrx_word' id='word_1_243' title='bbox 516 3332 715 3435; x_wconf 69' lang='lat' dir='ltr'><strong>abasbiuonio</strong></span> <span class='ocrx_word' id='word_1_244' title='bbox 734 3390 867 3434; x_wconf 82' lang='lat' dir='ltr'><strong>revocata.</strong></span> <span class='ocrx_word' id='word_1_245' title='bbox 887 3382 955 3434; x_wconf 89' lang='lat' dir='ltr'><strong>Cod.</strong></span> <span class='ocrx_word' id='word_1_246' title='bbox 971 3385 1074 3436; x_wconf 83' lang='lat' dir='ltr'><strong>Perott.</strong></span> 
     </span>
     <span class='ocr_line' id='line_1_35' title="bbox 88 3445 1075 3570; baseline 0 -68"><span class='ocrx_word' id='word_1_247' title='bbox 88 3451 174 3502; x_wconf 64' lang='lat' dir='ltr'><strong>Partes</strong></span> <span class='ocrx_word' id='word_1_248' title='bbox 192 3446 271 3500; x_wconf 72' lang='lat' dir='ltr'><strong>ducac.</strong></span> <span class='ocrx_word' id='word_1_249' title='bbox 288 3451 376 3501; x_wconf 83' lang='lat' dir='ltr'><strong>Faber</strong></span> <span class='ocrx_word' id='word_1_250' title='bbox 394 3452 464 3504; x_wconf 90' lang='lat' dir='ltr'><strong>coni.</strong></span> <span class='ocrx_word' id='word_1_251' title='bbox 490 3450 550 3512; x_wconf 80' lang='lat' dir='ltr'><strong>lui,</strong></span> <span class='ocrx_word' id='word_1_252' title='bbox 575 3451 684 3570; x_wconf 46' lang='lat' dir='ltr'><strong>liquuit,</strong></span> <span class='ocrx_word' id='word_1_253' title='bbox 709 3445 840 3512; x_wconf 80' lang='lat' dir='ltr'><strong>reddent,</strong></span> <span class='ocrx_word' id='word_1_254' title='bbox 870 3469 986 3520; x_wconf 80' lang='lat' dir='ltr'><strong>quorum</strong></span> <span class='ocrx_word' id='word_1_255' title='bbox 1011 3465 1075 3502; x_wconf 79' lang='lat' dir='ltr'><strong>sunt</strong></span> 
     </span>
    </p>
   </div>
   <div class='ocr_carea' id='block_1_9' title="bbox 91 3502 1073 3636">
    <p class='ocr_par' dir='ltr' id='par_1_20' title="bbox 91 3502 1073 3636">
     <span class='ocr_line' id='line_1_36' title="bbox 91 3502 1073 3626; baseline 0.011 -66"><span class='ocrx_word' id='word_1_256' title='bbox 91 3502 193 3626; x_wconf 38' lang='grc' dir='ltr'><strong>ζώει,</strong></span> <span class='ocrx_word' id='word_1_257' title='bbox 208 3517 264 3570; x_wconf 84' lang='lat' dir='ltr'><strong>duo</strong></span> <span class='ocrx_word' id='word_1_258' title='bbox 272 3535 284 3581; x_wconf 82' lang='lat'><strong>,·</strong></span> <span class='ocrx_word' id='word_1_259' title='bbox 301 3517 465 3572; x_wconf 78' lang='lat' dir='ltr'><strong>Sebefl&#39;erus:</strong></span> <span class='ocrx_word' id='word_1_260' title='bbox 480 3517 574 3570; x_wconf 75' lang='lat' dir='ltr'><strong>laudis</strong></span> <span class='ocrx_word' id='word_1_261' title='bbox 613 3537 664 3571; x_wconf 83' lang='lat' dir='ltr'><strong>uae</strong></span> <span class='ocrx_word' id='word_1_262' title='bbox 681 3519 856 3589; x_wconf 72' lang='lat' dir='ltr'><strong>probantibus</strong></span> <span class='ocrx_word' id='word_1_263' title='bbox 870 3518 960 3572; x_wconf 87' lang='lat' dir='ltr'><strong>Gudio</strong></span> <span class='ocrx_word' id='word_1_264' title='bbox 973 3520 1073 3571; x_wconf 84' lang='lat' dir='ltr'><strong>etBur·</strong></span> 
     </span>
     <span class='ocr_line' id='line_1_37' title="bbox 131 3595 192 3636; baseline 0.082 -4"><span class='ocrx_word' id='word_1_265' title='bbox 131 3595 192 3636; x_wconf 86' lang='lat' dir='ltr'><strong>uuo.</strong></span> 
     </span>
    </p>
   </div>
   <div class='ocr_carea' id='block_1_10' title="bbox 0 0 1317 4002">
    <p class='ocr_par' dir='ltr' id='par_1_21' title="bbox 0 0 1317 4002">
     <span class='ocr_line' id='line_1_38' title="bbox 0 0 1317 4002; baseline 0 0"><span class='ocrx_word' id='word_1_266' title='bbox 0 0 1317 4002; x_wconf 95' lang='lat' dir='ltr'><strong> </strong></span> 
     </span>
    </p>
   </div>
  </div>
 </body>
</html>
