2610 4002
167 509 171 518 ’
211 493 268 554 ιιθ
542 497 689 541 russum
709 497 860 542 resenas

205 645 327 711 Divinis
348 663 441 706 aures
465 644 656 706 oblectasset
677 639 828 702 cantibus.

247 729 299 788 Sic
320 746 414 810 saepe
433 724 558 808 ingenia
577 723 752 785 calamitate
771 719 969 786 intercidunt.

615 864 798 880 .-—-—--

609 983 684 1026 raa.
706 961 786 1024 xlll.

478 1099 608 1152 MULIER
625 1099 733 1151 VIDUA
750 1100 795 1150 ET
813 1095 926 1148 Mults.

325 1217 446 1300 Quanta
467 1222 509 1278 sit
529 1221 727 1276 inconstantia
751 1234 789 1273 ac
810 1210 900 1272 libide
920 1207 1076 1268 redictum.

204 1345 271 1406 Per
294 1343 415 1428 aliquot
436 1363 531 1405 annos
555 1340 709 1427 quaedam
729 1339 880 1400 dilectum
899 1334 1002 1396 virum

204 1424 333 1502 Amisit,
357 1435 390 1485 et
411 1423 607 1506 sarcophago
627 1441 745 1504 cerpus
767 1417 917 1481 condidit.
997 1483 999 1486 ¹

203 1506 235 1565 A
256 1525 320 1600 quo
344 1504 457 1566 revelli
479 1504 566 1565 nulle
589 1523 687 1588 quum
708 1511 818 1584 posset
838 1497 953 1574 modo,

205 1586 249 1646 Et
266 1607 298 1644 1n
316 1585 465 1666 sepulcre
485 1585 597 1668 lugens
618 1584 715 1647 vitam
738 1582 888 1664 degeret,

113 1729 130 1744 ⁸
205 1665 331 1726 Claram
351 1675 493 1726 assecuta
514 1678 563 1726 est
582 1663 697 1726 famam
717 1672 819 1725 castae
838 1655 976 1741 virginis.

203 1745 328 1806 Interea
347 1744 455 1807 fanum
469 1745 530 1829 qui
549 1746 754 1827 compilarant
773 1741 857 1804 lovis

204 1824 302 1889 Cruci
321 1823 427 1888 sullixi
443 1825 570 1887 luerunt
591 1847 709 1909 peenas
732 1823 858 1886 numini.

203 1908 330 1969 Herum
348 1906 496 1989 reliquias
516 1927 555 1967 ne
579 1907 649 1992 quis
672 1915 781 1988 posset
801 1902 935 1979 tollere,

203 1987 361 2049 Custodes
382 1986 496 2048 dautur
515 1987 629 2049 milites
652 1986 858 2060 cadaverum,
908 1997 910 2002 ’

203 2067 443 2128 Monumentum
462 2067 564 2145 iuxta,
584 2068 698 2130 mulier
718 2085 782 2150 quo
804 2085 838 2126 se
857 2061 1041 2148 incluserat,
1164 2077 1202 2132 te

170 2189 173 2198 ‚
203 2145 384 2228 Aliquando
405 2145 511 2206 sitiens
530 2168 611 2208 unus
634 2147 675 2207 de
696 2145 879 2210 custodibus

202 2226 328 2306 Aquam
348 2224 474 2305 rogavit
492 2225 594 2286 media
616 2238 710 2287 necte
731 2219 925 2302 ancillulam,

202 2305 296 2444 ssuae
316 2303 403 2366 ferte
424 2303 567 2367 deminae
587 2315 663 2372 tune
684 2305 846 2366 assistebat
865 2323 939 2366 suae

236 2385 384 2448 ormitum
405 2385 507 2462 eunti:
527 2405 662 2470 namque
679 2385 918 2464 lucubraverat,

732 2467 909 2528 crduxerat.

202 2465 246 2528 Et
265 2467 365 2551 usque
386 2464 419 2526 iu
438 2487 545 2527 serum
563 2467 687 2551 vigilias

202 2547 348 2607 Paullum
370 2547 502 2608 reclusis
525 2546 651 2609 foribus
671 2489 775 2609 miles
807 2546 957 2628 respicit,

201 2625 362 2710 Videtque
383 2646 510 2710 aegram
533 2628 591 2689 sed
609 2627 693 2690 facie
714 2571 848 2710 pulclua
869 2627 1027 2688 feminams

177 2708 181 2728 ‘
202 2707 383 2801 Corruptus
404 2707 522 2768 animus
542 2708 627 2770 illice
649 2708 869 2786 succenditur,

201 2786 244 2847 Et
266 2799 371 2847 urrtur
390 2787 505 2847 sensim
524 2788 689 2869 impudens
707 2789 863 2870 cupidine.

200 2866 323 2938 Sollers
344 2886 476 2930 acumen
496 2868 583 2956 millq
603 2887 711 2932 causas
734 2868 869 2953 invenit,
955 2903 959 2912 -
1044 2895 1048 2910 ·
1156 2883 1199 2934 ao

197 3005 401 3024 ——Q

249 3070 461 3138 Fab.xl11,v.
481 3088 504 3122 ι.
521 3073 561 3123 Ita
580 3071 648 3124 eod.
673 3072 727 3124 Sed
745 3072 854 3124 Betbius
870 3074 939 3124 Arate
964 3072 1072 3143 aliquot
1091 3089 1192 3122 annes.

199 3155 229 3190 v.
247 3141 272 3191 3.
291 3138 359 3191 cod.
378 3141 489 3204 ..velli,
512 3143 548 3191 ita
565 3149 667 3207 tamen,
689 3150 721 3192 ut
738 3143 881 3192 Ianncllius
901 3143 1008 3208 vestigia
1025 3140 1143 3210 syllabae
1162 3157 1193 3188 rs

199 3216 392 3273 assequeretur.
410 3209 526 3260 Cassitus
544 3207 645 3259 divelli.
662 3239 695 3249 -
711 3227 741 3260 v.
763 3213 802 3261 15.
821 3212 861 3262 lta
872 3207 943 3262 Ged.
958 3210 1066 3265 Botbius
1085 3207 1192 3277 predu-

199 3284 288 3326 κεναὶ.
304 3303 339 3316 -
355 3293 383 3326 o.
404 3293 443 3343 ¹7·
462 3277 528 3328 Cod.
548 3289 573 3326 ct
580 3275 667 3346 secc‘e.
686 3277 839 3330 Emendavit
857 3280 982 3330 Cassitus.
1000 3278 1110 3330 Botbius
1132 3275 1192 3328 cdi·

199 3343 256 3397 dit:
280 3347 447 3414 Aegraquc
466 3344 538 3396 videt
555 3343 689 3414 scdsacie
707 3355 760 3400 cet.
779 3377 812 3388 -·-
833 3365 862 3397 v.
885 3365 894 3398 1
918 3382 924 3396 .
945 3350 986 3398 lta
1003 3346 1122 3398 Cassitus
1140 3343 1192 3394 Ed.

199 3413 245 3465 lv.
265 3427 326 3462 cum
343 3413 370 3462 in
388 3413 521 3480 prioribus
539 3413 672 3466 dedisset:
696 3415 802 3464 Sensim
826 3363 963 3483 smptsdice
982 3427 1008 3464 ct
1026 3415 1122 3468 uritur
1142 3429 1188 3462 ce·

198 3478 301 3552 petiae.
316 3481 473 3532 lennellius:
501 3482 539 3530 Et
564 3483 658 3531 uritur
676 3481 860 3550 ampudicttian
879 3481 1016 3549 suptilius.
1038 3484 1070 3532 Ie
1086 3480 1189 3532 Codice

199 3556 288 3601 autem
306 3547 401 3600 sedem
420 3547 556 3614 lannellio}
572 3557 640 3602 teste
665 3551 812 3619 reperitur:
839 3551 990 3624 Uritarquc
1016 3551 1116 3602 seusun
1140 3548 1189 3598 im·

200 3613 313 3684 pud...
332 3611 463 3684 cupid...
