2610 4002
433 515 436 526 ,
537 479 612 520 FAB.
633 479 662 544 t).

522 633 597 684 aaa.
625 621 678 684 tx.

362 755 466 821 mtto,
483 755 596 811 vanus
613 757 659 809 aa
677 755 840 810 caesus.

416 877 462 940 De
481 878 630 938 mulierum
650 875 777 938 libidine.

90 1000 209 1094 Quum
237 1004 410 1066 castitatem
432 1003 509 1066 Iuno
530 1003 674 1066 laudaret
694 1025 799 1084 suam,

88 1082 307 1144 Iucunditatis
328 1105 454 1158 causam
472 1106 535 1146 non
556 1085 675 1166 repulit
695 1084 819 1165 Venus3

88 1166 317 1247 Naturamque
338 1163 510 1226 allirmaret
530 1177 566 1225 ut
587 1185 656 1226 esse
677 1165 723 1227 illi
742 1185 871 1246 parem,

87 1244 317 1326 Interrogasse
337 1245 382 1308 sic
401 1246 547 1330 gallinam
568 1245 699 1306 dicitur:

88 1323 174 1400 Dic‚'
199 1324 313 1401 sodes,
337 1338 453 1410 quanto
473 1325 574 1407 possis
595 1326 702 1388 satiari
721 1323 818 1387 cibo?
1074 1332 1095 1394 5
1201 1385 1205 1392 ,

88 1404 282 1485 Respondit
304 1405 373 1468 illa:
394 1405 556 1548 Quiepuid
576 1405 721 1484 dederis,
743 1406 817 1484 satis
841 1408 911 1470 erit

90 1481 166 1562 Sic,
189 1496 230 1545 ut
251 1486 406 1548 concedas
427 1505 469 1567 pe
493 1485 563 1546 ihus
585 1484 703 1568 aliquid
724 1487 879 1568 scalpere.
898 1521 938 1538 -

88 1565 140 1624 Ne
164 1563 311 1658 scalpas,
329 1566 449 1649 inquit,
472 1565 545 1626 satis
567 1575 615 1627 est
635 1566 758 1627 modius
779 1567 899 1630 tritici?
918 1603 959 1616 -

88 1644 214 1722 Plane3
237 1665 302 1707 imo
322 1645 452 1708 nituium
471 1656 535 1707 ests
555 1645 612 1706 sed
631 1645 782 1725 permitte
802 1649 956 1732 scalpere.
976 1683 1017 1697 -

89 1725 143 1784 Ex
164 1735 241 1787 toto
260 1745 301 1786 ne
324 1726 402 1808 quid
420 1724 557 1806 scalpas,
578 1723 655 1809 quid
674 1723 858 1790 desideras?
967 1785 972 1790 .
1058 1750 1094 1792 ιο

91 1807 179 1866 Tum
205 1803 344 1889 denique
369 1807 422 1868 illa
441 1805 524 1867 fassa
544 1816 593 1868 est
611 1815 742 1866 natiuae
761 1805 895 1870 maltun:

90 1884 189 1947 Licet
213 1883 368 1946 horreum
387 1885 464 1948 mihi
484 1897 605 1966 pateat,
626 1905 687 1966 ego
709 1884 846 1966 scalpam
869 1899 983 1954 tamen.

91 1965 218 2028 Risisse
240 1963 318 2044 luno
336 1965 457 2028 ‘dicitur
476 1965 611 2040 Veneris
631 1964 737 2042 iocos,

92 2043 181 2127 Quia
202 2065 266 2129 per
284 2046 428 2128 gallinam
449 2046 615 2109 denotarat
633 2044 775 2106 feminas.

92 2312 244 2366 Dorvillius
261 2313 394 2366 coniecit:
414 2314 542 2364 sarcinas
560 2327 647 2380 nuper
665 2328 747 2364 meos.
766 2313 921 2366 lannellius:
947 2309 1040 2384 Turpe
1058 2311 1093 2365 il·

92 2381 145 2432 tud
161 2384 278 2434 imitans
298 2382 323 2431 is
341 2379 419 2449 quod
435 2391 498 2430 aute
508 2377 635 2448 ficerat,
659 2380 724 2431 Nisi
739 2391 771 2432 tu
787 2379 926 2434 abstulisti
941 2401 954 2431 e
973 2383 1094 2434 turtinis

93 2468 159 2519 opes
177 2467 262 2502 meas.
283 2447 410 2500 Bothius:
429 2445 520 2516 Turpe
538 2443 610 2496 illud
625 2447 736 2497 imitans
753 2459 848 2516 gestu,
867 2447 945 2518 quod
959 2448 1093 2519 domusc-

94 2531 190 2583 cerut,
211 2517 276 2568 Nisi
292 2527 323 2566 tu
341 2515 486 2566 abstulisti
503 2515 629 2563 sanctitas
638 2511 723 2582 furto
741 2533 821 2566 meas.

145 2585 216 2638 Fob.
234 2586 287 2651 IX,
305 2601 335 2636 v.
354 2601 378 2634 2.
396 2581 464 2635 Cod.
482 2579 669 2634 Iucunditatis
688 2599 773 2634 causa
791 2601 848 2635 nou
866 2583 972 2654 repellat
993 2583 1093 2638 Venus.

93 2651 242 2706 Dorvillius
262 2663 289 2705 et
304 2651 429 2716 Cassitus,
440 2649 614 2703 emendarunt
631 2650 731 2720 repulit
737 2666 749 2714 ,⁴
776 2651 918 2704 Iannellius
938 2659 965 2706 et
981 2653 1093 2706 Boihius

94 2737 227 2783 causam,
244 2721 293 2773 sed
311 2721 427 2772 Cassitus
446 2728 534 2771 servat
549 2735 643 2770 causa.
661 2749 696 2760 -
712 2735 741 2770 v.
759 2719 784 2772 3.
804 2720 844 2770 Ita
862 2720 931 2772 Cod.
945 2721 1092 2774 secundum

94 2791 251 2860 exemplum
269 2791 511 2854 summanum,
529 2804 609 2857 quam
625 2787 770 2840 lectionem
788 2786 897 2840 Bothius
915 2791 975 2842 iure
992 2798 1092 2842 tuetur.

94 2856 241 2912 Iannellius
266 2858 294 2908 in
320 2855 388 2910 Cod.
410 2857 524 2908 invenit:
550 2855 580 2906 N
584 2855 724 2926 ..l..que
742 2866 774 2906 ut
788 2853 956 2974 pffirmoreu
980 2875 1014 2910 ex
1035 2875 1090 2927 quo

95 2942 157 2978 cum
176 2925 282 2980 Cassito
302 2923 417 2977 iaciebat
435 2923 606 2995 Nullamque.
620 2952 651 2962 -
662 2941 692 2975 v.
711 2925 735 2977 5.
746 2924 785 2975 Co
807 2925 853 2976 .in
864 2928 986 2996 exemplo
1000 2926 1091 2978 Burm.

96 2991 129 3044 Si
138 3005 218 3046 costa
233 3013 271 3058 es,
289 3003 405 3065 qllanto,
423 2993 495 3046 unde
504 2991 670 3044 Burmannus
681 2992 812 3045 coniecit:
828 2993 889 3044 Huc
899 3006 1090 3066 astusqucnto

97 3071 147 3113 eet.
167 3063 222 3115 Sed
239 3063 463 3115 Iannelliuucum
476 3061 577 3112 Cassito
596 3059 712 3113 in'Cod.
730 3062 846 3128 legit...
864 3061 955 3124 sodes,
974 3073 1089 3134 quante,

96 3130 169 3182 unde
187 3140 313 3202 uterque:
332 3129 387 3180 Dic
403 3127 492 3180 sodes.
510 3128 620 3180 Bothius
638 3130 751 3197 exempli
767 3128 856 3179 llurm.
873 3131 1017 3183 lectionem
1029 3139 1088 3183 tue·

96 3204 148 3250 tur.
167 3223 200 3240 -e
217 3217 246 3250 v.
271 3216 295 3266 7.
323 3199 364 3249 lte
381 3199 533 3278 exemplum
555 3195 644 3247 Burm.
660 3197 803 3248 Iannellius
829 3197 856 3246 in
879 3197 948 3249 Cod.
972 3200 1088 3267 reperit:

97 3281 125 3314 s.
136 3301 144 3316 .
155 3301 163 3316 .
175 3277 201 3330 t,
221 3267 293 3320 unde
311 3284 374 3324 cum
391 3265 494 3318 Casaato
511 3265 608 3318 edidit:
626 3263 682 3316 Sed
690 3276 721 3316 ut
731 3261 951 3318 aeneadae-‘aa
968 3269 1007 3318 13.
1022 3265 1086 3320 Cas-

97 3332 162 3384 situs
180 3335 250 3386 ioco.
268 3362 303 3376 -
318 3352 347 3388 v.
367 3331 572 3402 1l1.deuotarat
596 3333 747 3386 emendavit
764 3334 937 3388 Burmannus.
955 3333 1024 3388 Cod.
1040 3333 1087 3386 de·

98 3403 213 3456 notavit.
228 3399 344 3456 Cassitus
361 3399 569 3456 demonstravit.

813 3643 913 3708 ιο*Α
