2678 3978
210 443 311 505 xxll,
598 457 677 501 vrrs
698 453 855 502 ausurus.

210 595 372 684 copiarum
391 598 507 661 Libros
526 595 565 663 V.
607 601 673 662 Sed
696 602 736 663 de
759 596 884 677 aetate,
910 621 972 684 qua
992 601 1086 678 vixit,
1100 613 1148 664 ‘et
1172 603 1218 665 de

211 713 375 780 tempore,
396 719 460 782 quo
486 699 629 760 exaravit
651 696 794 772 fabulas,
826 717 890 757 non
909 720 970 758 una
997 711 1047 760 est
1071 697 1218 759 virorum
1278 715 1283 720 ·

212 793 467 856 doctissimorum
488 794 653 855 sententia.
685 792 840 853 Gudius
862 807 998 857 aetatem
1018 795 1086 856 eius
1107 796 1147 856 ad
1163 795 1218 854 Ti·

211 891 293 952 berii
320 891 529 973 principatum
559 888 779 964 referendam,
815 890 983 977 ipsumque
1003 892 1134 957 Valerio
1150 893 1218 951 Ma-

209 989 295 1051 ximo
321 987 451 1069 aliisque
481 987 548 1045 elus
579 987 650 1048 aevi
682 986 892 1068 scriptoribus
922 989 1087 1070 aequalem
1114 988 1217 1054 fuisse

209 1083 372 1146 censebat.
393 1081 430 1158 a)
471 1079 679 1142 Existimabat
702 1093 825 1160 autem,
852 1083 908 1144 has
932 1084 1065 1145 fabellas
1087 1084 1218 1144 demum

108 1257 114 1266 ,
156 1199 162 1206 ·
210 1193 285 1262 post
305 1176 427 1241 Tiberii
449 1188 585 1236 mortem
605 1179 727 1260 publici
753 1178 830 1239 iuris
855 1178 1021 1259 factas31)
1052 1179 1125 1242 cum
1150 1200 1218 1241 non

211 1275 415 1338 verosimile
434 1273 596 1352 videatur,
624 1275 714 1336 illum
736 1296 846 1335 ausum
867 1274 985 1352 fuisse,
1013 1274 1130 1336 fabulis
1151 1273 1217 1334 suis

209 1372 372 1434 viventem
391 1368 617 1454 imperatorem
638 1372 833 1448 immiscere,
864 1372 953 1456 quod
976 1391 1071 1456 (piam
1089 1368 1218 1452 pericu-

198 1469 300 1532 losae
323 1469 411 1532 aleae
432 1489 511 1549 opus
525 1481 633 1545 esset,
655 1470 714 1530 alia
730 1469 796 1530 eius
811 1471 964 1551 temporis
979 1469 1169 1530 monimenta
1187 1465 1220 1527 ei

209 1566 350 1648 probare
372 1565 578 1644 videbantur3
596 1565 710 1630 deinde
727 1567 813 1650 quod
828 1566 968 1627 fabulam
981 1568 1022 1628 de
1038 1564 1144 1639 Ranis,
1165 1583 1220 1624 re·

213 1683 286 1744 gem
306 1662 505 1744 petentibus,
528 1676 561 1723 et
581 1684 599 1723 a
619 1664 696 1724 Iove
717 1663 853 1743 hydrum
873 1665 1069 1739 consecutis,
1092 1661 1220 1744 Caligu-

211 1756 262 1817 lae
286 1769 431 1838 tempora
451 1759 615 1840 respicere
639 1757 786 1840 putabat:
813 1780 886 1820 nam
906 1758 1077 1821 Tiberium·
1098 1761 1139 1822 de
1158 1762 1221 1822 Ca-

211 1853 334 1937 ligula,
353 1874 539 1916 successore
567 1879 652 1934 suo,
674 1855 783 1916 dicere
807 1854 952 1929 solitum,
986 1856 1114 1916 exitio
1144 1875 1219 1917 suo

213 1949 469 2032 omniumque
489 1951 625 2011 Caium
648 1952 805 2014 viveres
828 1952 1136 2014 etsenatricem
1153 1972 1221 2032 po·

208 2042 309 2123 pulc
340 2044 535 2119 Romano,
567 2047 839 2110 Phaetontem
874 2047 965 2109 orbi
995 2059 1223 2128 terrarum,

215 2137 393 2198 educere
416 2148 500 2200 teste
523 2140 736 2203 Suetonio.
755 2142 803 2222 m)
852 2143 999 2223 Speciem
1022 2142 1139 2204 habent
1168 2162 1220 2202 ar-

207 2245 364 2316 ·gumenta
385 2235 576 2323 Gudii3vsed
590 2250 701 2300 ,tamen
722 2252 845 2300 certum
867 2251 932 2315 cst,
954 2236 1222 2322 quidresponde-
1249 2243 1253 2250 ‘

214 2351 272 2392 am.
312 2333 472 2415 Namque,
498 2346 537 2395 ut
559 2355 656 2418 supra
683 2320 823 2411 ostendi,
846 2332 1011 2395 Phaedrus
1032 2334 1150 2395 diserte
1172 2332 1221 2392 di-

212 2429 272 2506 cit,
294 2427 417 2508 fabulas
440 2449 508 2491 suas
534 2450 605 2492 esse
627 2429 768 2505 fontem,
792 2449 831 2491 ex
851 2453 915 2517 quo
936 2431 1107 2505 totmala,
1135 2447 1220 2511 (piae

213 2524 313 2585 fuerit
329 2545 519 2606 perpessus,
541 2527 701 2612 fluxerint.
725 2527 941 2610 Conqueritur
963 2528 1003 2587 de
1020 2527 1144 2611 Seianp,
1167 2543 1220 2584 ae-

152 2704 156 2708 ·
208 2633 377 2698 casatam,
399 2634 480 2698 teste
502 2635 535 2684 et
554 2624 660 2686 iudice
680 2646 749 2686 suo.
779 2625 885 2684 Alium
900 2624 998 2707 igitur
1011 2636 1107 2705 atque
1123 2621 1221 2682 alium
1293 2647 1295 2650 ·

213 2717 395 2779 fabularum
415 2718 548 2795 librum,
570 2720 700 2782 Tiberio
717 2735 750 2782 et
766 2720 879 2781 Seiano
893 2718 1088 2795 viventibus,
1110 2717 1220 2779 edide-

214 2815 257 2882 rit
275 2834 407 2878 necasse
431 2826 490 2892 est,
529 2815 655 2882 Deinde
675 2815 796 2896 habeo,
818 2815 1107 2899 persuasissimum,
1128 2812 1220 2875 Libri

227 2966 421 2988 Μ

263 3053 294 3121 k)
313 3053 548 3116 carlmannum
566 3057 652 3110 Praef.
673 3058 707 3108 ad
725 3057 794 3109 Edit.
813 3057 928 3109 Phaedri
947 3069 1007 3106 ann.
1022 3053 1094 3118 1698.
1105 3060 1131 3105 et
1143 3053 1219 3117 1718·

189 3152 193 3159 ·
263 3140 285 3209 Ι)
306 3141 350 3190 Sic
368 3156 476 3206 quoque
494 3141 576 3191 visum
592 3143 704 3209 Rigallio
721 3153 748 3196 et
764 3144 898 3195 Fabricio,
1182 3155 1187 3160 “

263 3222 301 3290 m)
320 3221 401 3286 Calig.
422 3223 488 3290 Cap.
507 3226 552 3274 XI.
577 3227 629 3276 Per
648 3225 760 3294 hydrum
777 3243 792 3276 a
810 3223 932 3274 Phaedro
951 3222 981 3272 C.
998 3223 1144 3288 Caligulam
1168 3239 1218 3271 no·
1301 3279 1306 3286 ,

214 3292 279 3348 lari,
299 3290 437 3340 contendit
455 3293 534 3342 eliam
554 3293 678 3343 Traron.
697 3295 760 3348 Hist.
780 3291 825 3348 des
843 3293 1013 3356 Empereurs.
1031 3293 1063 3339 Τ.
1076 3291 1108 3338 11.
1118 3307 1145 3356 p·
1158 3291 1218 3341 δῶ.

215 3373 237 3409 r.
257 3355 401 3408 Fabricius
421 3359 439 3407 l.
459 3355 503 3409 cit.
523 3361 554 3408 T.
572 3360 604 3410 ll.
624 3379 650 3428 p.
670 3363 712 3413 26.
728 3363 786 3412 Nec
804 3358 915 3419 desunt,
935 3359 979 3422 qui
999 3356 1151 3407 Phaedrum
1168 3374 1219 3424 pu·

215 3426 264 3478 rui
282 3423 492 3490 u'gillffnomlne
510 3426 665 3490 Tiberium,
683 3430 792 3478 nomine
805 3423 890 3491 drdri
900 3424 1046 3488 Caligulam
1059 3425 1220 3480 intellexisse

215 3500 348 3550 censeant.
369 3509 391 3544 v.
408 3492 556 3548 Desbillou.
573 3496 661 3551 Prael.
680 3497 753 3566 Disp.
772 3487 793 3544 I.
812 3510 839 3564 p·
859 3491 918 3546 lu.
938 3493 1001 3548 coll.
1021 3490 1144 3543 lla'stou.
1162 3493 1180 3541 l.
1194 3507 1218 3541 c.
