2678 3978
232 487 267 551 ¹4
538 496 686 538 reanum
710 495 912 538 rasurarum

266 638 402 713 Instante
415 645 538 720 partu,
558 639 691 715 mulier,
714 640 791 699 actis
813 637 991 712 mensibus,

227 719 335 777 Humo
363 717 503 795 iacebat,
526 719 651 780 {lebiles
673 720 809 800 gemitus
832 719 928 779 ciens.
967 718 969 726 ’

227 797 287 858 Vir
309 808 358 855 est
378 795 541 877 hortatus,
568 819 685 879 eorpus
709 799 793 861 lecto
814 801 995 879 reciperet,

228 875 318 936 Onus
343 889 474 939 naturae
495 881 608 940 melius
630 901 694 960 quo
719 877 907 961 deponeret.

226 956 372 1033 Minime,
394 959 511 1040 inquit,
535 961 590 1020 illo
612 979 708 1038 posse
730 958 855 1019 confido
876 960 956 1018 loco·

227 1036 345 1096 Malum
367 1035 465 1116 liniri,
488 1060 552 1121 quo
576 1051 768 1120 conceptum
790 1052 839 1100 est
859 1039 958 1099 initio

619 1191 824 1208 ..amp-

638 1307 713 1348 ran.
734 1289 817 1347 XIII.

519 1423 640 1474 canus
669 1414 939 1473 ranrumaus

227 1535 355 1596 Habent
377 1535 501 1595 insidias
525 1537 659 1622 hominis
682 1538 853 1599 blanditiae
873 1535 961 1595 mali:

121 1619 134 1637 ”
229 1616 316 1702 Quas
337 1628 373 1675 ut
395 1618 544 1692 vitemus,
565 1638 678 1678 versus
700 1619 836 1679 subiecti
857 1627 996 1675 monent.

270 1695 361 1754 Canis
382 1698 562 1777 parturiens
588 1719 685 1780 quum
710 1710 854 1780 rogasset
875 1697 1034 1767 alteram‚,

228 1780 271 1838 Ut
290 1776 394 1836 fetum
415 1778 445 1837 in
468 1778 534 1837 eius
555 1779 684 1859 tugurio
711 1779 907 1858 deponeret,

230 1856 338 1918 Facile
359 1858 557 1941 impetravit3
581 1860 653 1918 dein
677 1859 860 1938 reposcenti
880 1859 987 1917 locum

227 1941 346 1998 Preces
368 1939 524 2012 admovit,
544 1950 670 2019 tempus
693 1959 827 1999 exorans
848 1939 968 2013 breve,

227 2021 314 2077 Dum
337 2013 494 2077 firmiores
520 2019 640 2078 catulos
664 2030 775 2098 posset
798 2018 927 2078 ducere.

227 2100 301 2156 Hoc
322 2115 452 2176 quoque
477 2109 683 2176 consumpto,
705 2096 849 2179 flagitare
870 2095 1005 2160 validius

230 2173 343 2234 Cubile
365 2175 480 2254 coepit.
524 2175 557 2233 Si
577 2176 653 2235 mihi
674 2189 707 2237 et
725 2176 840 2237 turbae
860 2198 950 2237 meae

229 2257 311 2332 Par,
334 2252 452 2335 inquit,
474 2275 544 2315 esse
567 2258 730 2336 potueris,
753 2257 864 2318 cedam
884 2259 968 2319 loco.

630 2412 829 2424 w

644 2529 719 2568 rae.
742 2509 814 2570 XX.

531 2643 670 2694 CANES
694 2639 931 2691 FAMELICI.

231 2759 369 2819 Stultum
393 2757 558 2817 consilium
579 2778 642 2817 non
662 2754 758 2814 modo
780 2753 902 2815 effectu
926 2767 1030 2830 caret,

231 2838 296 2898 Sed
317 2836 357 2896 ad
378 2837 553 2918 perniciem
574 2855 706 2919 quoque
726 2837 876 2897 mortales
902 2837 1046 2906 devocat.

237 2975 429 2992 —

282 3044 349 3094 Feb.
367 3041 471 3104 XVIII,
489 3057 517 3090 v.
538 3058 561 3090 a.
578 3043 696 3111 peractis
713 3041 822 3092 mensib.
837 3039 925 3092 Codd.
944 3047 971 3087 et
989 3035 1092 3108 prImue
1103 3035 1171 3087 Edd.
1184 3053 1236 3086 oe·
1334 3021 1335 3074 l

234 3114 270 3161 tis
296 3111 445 3162 errrendavit
462 3111 600 3159 Menrsius.
627 3137 661 3146 —
688 3127 715 3157 v.
741 3111 767 3160 3„
788 3110 866 3159 hamo
889 3106 979 3158 Codri.
999 3117 1024 3157 et
1041 3110 1144 3175 primae
1162 3103 1235 3154 Edd.
1334 3103 1335 3162 l

231 3179 305 3230 hiemi
313 3189 423 3230 auctore
438 3178 544 3226 Heinsio
558 3179 689 3244 plurimae
702 3179 867 3227 recentiores
876 3175 1024 3226 Etlltiones.
1034 3176 1074 3226 cl.
1082 3172 1235 3223 DesbiIIon.
1334 3163 1335 3230 l

232 3257 289 3298 not.
309 3246 343 3296 ad
362 3248 464 3298 calcem
482 3244 509 3295 h.
528 3244 570 3294 ed.
590 3275 621 3284 -
640 3262 668 3293 v.
688 3247 712 3296 6.
729 3247 758 3293 in
779 3247 820 3295 uit
838 3245 886 3293 illa
906 3242 973 3290 Cod.
992 3245 1095 3293 Daniel.
1334 3247 1335 3276 l

283 3314 351 3364 Fab.
371 3315 450 3376 XIX,
469 3329 497 3361 v.
517 3328 540 3377 7.
560 3311 691 3362 deducere
708 3311 748 3362 Co
771 3348 776 3360 .
794 3314 861 3362 Dan.
873 3328 945 3358 —-v.
960 3313 984 3359 8.
994 3311 1169 3376 flagitarint
1182 3325 1234 3356 va·

234 3381 319 3434 lidius
339 3391 389 3432 ete·
409 3380 524 3434 coniecit
541 3379 626 3430 Bentl.
643 3409 678 3419 -
694 3398 723 3429 v.
741 3397 766 3446 9.
786 3380 854 3429 Cod.
878 3377 946 3430 Pitb.
968 3386 995 3427 et
1012 3379 1114 3428 Daniel.
1140 3373 1257 3426 Cubile.

234 3450 329 3518 coepit.
349 3449 402 3498 Ille
417 3449 444 3496 si
460 3447 529 3495 milti
546 3457 595 3496 cet.
615 3449 756 3498 Salmasius
776 3447 874 3497 delerit
898 3462 990 3496 vocem
1016 3446 1083 3503 itan,-
1108 3444 1235 3494 Heinsius

233 3518 364 3570 coniecit:
392 3514 484 3564 Cubile
503 3517 598 3582 coepit.
618 3516 688 3575 Illa,
711 3516 778 3565 ruilri
793 3524 818 3562 et
838 3513 933 3563 tardae
950 3530 1021 3564 aretae
1040 3513 1097 3562 Pur
1116 3513 1156 3573 si,
1187 3511 1234 3561 in·
1334 3503 1335 3524 ¹

234 3587 295 3655 quit
406 3583 542 3642 reticetis,
560 3580 651 3632 cedam
670 3584 739 3632 Ioco.
