2610 4002
465 427 469 434 ⁴
499 417 572 510 aas}
594 449 695 536 7-Q.

460 661 464 684 ,
511 625 587 669 ras.
608 571 708 672 17111.Ι
796 648 812 672 ·.

211 803 216 806 ,
416 732 589 786 ronanus
609 733 654 784 ιι
672 731 782 785 mnes.

247 917 251 924 ¹
312 847 405 929 Quum
428 846 550 929 difficile
569 855 610 908 sit
633 846 775 910 hominem
797 868 886 910 nosse.

97 975 211 1056 Magni¹
227 973 376 1054 Pompeii
397 975 505 1052 miles,
526 975 606 1036 vasti
626 975 788 1057 corporis,

97 1054 225 1124 Fracte
239 1052 400 1136 loquendo
424 1066 457 1116 ct
480 1055 666 1116 ambulando
687 1055 825 1119 molliter

97 1135 231 1194 Famam
253 1134 374 1195 cinaedi
393 1133 768 1215 traxeratcertissimam.

98 1214 178 1292 Hic,
199 1211 363 1275 insidiatus
383 1227 479 1279 nocte
499 1215 644 1276 iumentis
666 1215 772 1292 ducis,

99 1291 182 1354 cum
208 1306 299 1357 veste
321 1305 354 1356 et
377 1313 455 1356 amo
477 1307 510 1357 et
528 1314 642 1378 magno
664 1295 787 1436 arpenti
806 1295 948 1378 pondere
1075 1297 1095 1360 5

98 1372 230 1435 Avertit
250 1372 364 1435 mulos.
406 1375 540 1435 Factum
559 1395 683 1446 rumor¹
714 1375 837 1459 issipat3
1107 1374 1110 1382 ’

98 1451 259 1537 Arguitur
280 1453 387 1531 miles,
407 1474 443 1514 ra
466 1454 530 1515 itur
550 1455 582 1516 in
604 1447 810 1536 praetorium.

99 1533 185 1595 ‘rum
205 1534 354 1616 Magnus,
377 1475 486 1622 Quid?
511 1533 569 1612 ait,
590 1548 666 1595 tune
684 1555 753 1611 me,
776 1535 968 1615 commilito,

99 1611 250 1695 Spoliare
273 1632 307 1672 es
330 1611 446 1675 ausus?
466 1615 522 1676 Ille
544 1614 693 1677 continuo
715 1627 860 1676 exscreat
1029 1689 1033 1694 Δ

99 1691 170 1754 Sibi
195 1692 230 1753 in
251 1691 424 1772 sinistram,
447 1705 480 1754 et
501 1707 630 1776 sputum
649 1693 754 1775 digitis
775 1693 914 1777 dissipat.
1062 1712 1097 1755 ιο

100 1773 173 1852 Sic,
194 1775 390 1854 Imperator,
412 1774 498 1836 oculi
522 1775 732 1836 exstillescant
751 1774 830 1852 mei,

100 1851 135 1915 Si
155 1852 223 1917 vidi
246 1865 299 1914 aut
319 1853 420 1936 tetigi.
460 1857 543 1915 Tum
563 1855 611 1916 vir
631 1853 724 1914 animi
743 1853 891 1936 simplicis

100 1933 137 1994 Id
161 1933 302 1995 dedecus
325 1946 500 1997 castrorum
520 1933 659 2016 propelli
679 1930 789 2011 iubet,
874 1932 880 1949 '

100 2014 169 2074 Nee
191 2013 308 2075 cadere
327 2015 360 2074 in
379 2013 469 2075 illum
489 2015 590 2077 credit
612 2025 728 2077 tantam
749 2012 917 2076 audaciam.
992 2074 994 2079 ,

99 2093 181 2155 Post
205 2093 285 2154 haec
306 2093 346 2154 ad
369 2107 470 2156 castra
491 2095 640 2173 accessit,
660 2105 708 2171 et,
731 2091 831 2156 fidens
852 2115 963 2178 manu,
1061 2097 1098 2175 ¹5

100 2173 265 2236 Romanos
286 2175 395 2262 ingens
416 2176 614 2258 provocabat
633 2173 795 2238 barbarus.

152 2377 223 2430 Fas.
244 2378 323 2442 VIII,
347 2395 376 2428 v.
399 2395 421 2429 1.
445 2375 564 2430 Goniicit
586 2377 733 2432 Iannellius
752 2383 824 2432 vesei
839 2381 966 2450 corporis
986 2378 1097 2429 laudans

101 2447 171 2498 Plin.
193 2446 223 2495 Il.
239 2447 272 2496 N.
294 2445 360 2510 VII,
380 2459 421 2496 ao.
438 2469 472 2486 -·-
489 2462 517 2495 v.
537 2459 561 2493 2.
576 2442 643 2492 Cod.
664 2453 732 2498 teste
750 2450 879 2499 Iannellio
896 2447 999 2498 mol...
1022 2445 1096 2513 quod

101 2532 131 2564 su
152 2514 238 2584 plevit
255 2513 379 2575 molliter,
394 2515 457 2565 item
478 2530 510 2564 ue
519 2511 689 2564 CassitusEd.
699 2515 746 2564 ΠΙ.
762 2514 809 2566 sed
820 2513 886 2564 ibid.
898 2515 925 2564 in
945 2513 1015 2564 notIs
1031 2522 1058 2564 et
1068 2514 1096 2564 in

101 2533 151 2632 Ed
170 2583 218 2632 IV.
233 2583 351 2632 mollius.
368 2609 401 2621 -
415 2598 444 2632 v.
459 2532 487 2648 l.
507 2580 621 2630 Cassitus
643 2583 775 2632 venientes
794 2599 844 2652 pro
860 2583 998 2644 iumentis,
1022 2580 1096 2648 quod
1139 2627 1146 2642 ,

103 2651 214 2716 quidem
235 2650 367 2718 posterius
383 2651 542 2701 vocabulum
562 2648 589 2696 in
608 2645 709 2702 Codice
724 2661 764 2702 est
778 2659 846 2702 teste
861 2650 1001 2701 Iannellio.
1018 2679 1051 2690 ·-
1066 2666 1096 2699 v.

102 2719 128 2768 6.
144 2717 254 2768 distulit
267 2736 318 2788 pro
335 2716 453 2788 dissipat
467 2713 587 2785 reposuit
601 2715 732 2784 Cassitus,
750 2736 783 2770 ne
798 2735 896 2768 mcxv.
912 2733 942 2771 ιο
954 2717 1095 2788 ἰιΙοιιιιει-

104 2787 169 2836 bum
183 2795 331 2854 repetatur.
353 2815 382 2827 -
396 2805 425 2837 v.
440 2788 465 2838 8.
485 2782 562 2852 Quid
575 2783 639 2833 ais?
652 2783 717 2836 Cod.
736 2787 851 2838 Cassitus
871 2787 1022 2837 Ianncllius.
1041 2787 1096 2836 Nos

104 2854 229 2904 Bothium
247 2855 391 2922 sequimur.
416 2880 440 2894 ·-
459 2871 488 2904 ο.
510 2866 548 2904 ιο.
566 2853 708 2905 Iannellius
727 2854 833 2906 Codicis
852 2856 996 2906 lectionem
1013 2852 1095 2903 dissi·

102 2933 152 2989 pat
169 2931 255 2972 mutat
275 2924 302 2972 iu
321 2921 407 2972 diicr't.
434 2950 466 2962 -
487 2938 516 2971 v.
539 2923 576 2972 13.
593 2920 660 2970 Cod.
682 2923 703 2971 I
709 2941 962 2973 ....s.as..o...
979 2916 1098 2991 p'ropelli
1146 2916 1151 2924 ’

104 2990 190 3054 iudet,
211 2999 278 3042 teste
296 2990 442 3055 Iannellio,
460 2991 505 3057 qui
521 3006 536 3040 e
553 2989 668 3054 vestigiis
683 2991 831 3042 litterarum
847 2991 970 3058 supplet,
988 2989 1057 3056 quae
1068 2989 1096 3038 in

105 3063 178 3108 textu
199 3058 331 3110 dedimus.
349 3056 468 3109 Eandem
485 3058 630 3108 lectionem
642 3058 753 3124 praebet
763 3060 913 3126 exemplum
928 3055 1094 3108 CodicisPe·

104 3126 198 3176 rottini
219 3127 449 3181 Burmannianum.
466 3126 595 3176 Cassitus:
615 3124 716 3176 ,Inanes
733 3127 899 3195 suspiciones
919 3124 1037 3196 propelli
1053 3125 1095 3176 ιά-

105 3190 156 3243 bet.
175 3193 299 3247 Bothius:
320 3196 375 3245 Nec
393 3192 507 3244 dedecus
523 3191 555 3243 id
567 3205 686 3243 cnstror.
698 3212 778 3264 prop.
796 3194 850 3245 iub.
867 3221 899 3232 -
915 3211 943 3244 v.
962 3195 991 3245 15
1010 3201 1036 3245 et
1056 3195 1096 3243 16.

105 3258 148 3310 Ita
157 3259 275 3312 Bothius.
287 3262 354 3314 Cod.
369 3264 397 3312 in
412 3264 535 3331 exemplo
548 3261 690 3310 Burmanni
703 3263 726 3311 P
734 3297 810 3316 .....
827 3272 867 3311 ast
882 3275 908 3314 et
918 3260 1096 3329 marzufidens

36 3370 40 3376 .
155 3362 178 3378 ..
197 3345 230 3376 en
246 3347 259 3377 s
273 3329 444 3398 provocabat
455 3330 591 3379 barbarus
599 3347 610 3390 ,·
624 3329 769 3380 secuudum
782 3331 953 3382 Iannellium:
1047 3347 1095 3378 cus

169 3409 267 3446 rcessst
281 3396 499 3470 etmanufidens
510 3431 586 3447 .....
599 3415 612 3445 s
625 3397 794 3466 provocabat
807 3397 950 3450 barbarus.
967 3400 1093 3449 Burma'n·
1193 3435 1196 3448 .

16 3474 21 3487 ·
106 3478 154 3513 nus
171 3467 198 3514 in
215 3467 360 3533 posteriori
379 3483 455 3518 versu
470 3466 597 3516 coniecit:
619 3465 674 3530 Qui
691 3479 795 3518 scutum
829 3470 935 3518 uaticns
948 3463 1093 3535 provocab.

107 3527 218 3610 bruher.
236 3532 296 3586 vel:
321 3533 420 3585 Enscm
440 3535 491 3604 qui
514 3534 636 3605 psanticus
659 3551 739 3602 prov.
760 3483 836 3588 hurd.
863 3536 994 3588 Cassitus:
1019 3534 1094 3604 Haec

156 3635 301 3691 Phaedrus.
860 3646 896 3690 ιο
