2678 3978
416 481 480 520 nm.
503 462 533 536 1,
558 481 632 520 aas.
654 461 794 544 aii—aq.

489 641 564 682 rae.
587 621 727 686 XXVIII.

395 755 544 808 vuaets
569 758 622 808 ua
648 756 826 824 souma.

111 874 265 954 ‘Quamvis
287 871 438 934 sublimes
460 870 577 932 dehent
599 870 734 931 humiles
758 881 921 953 metuere,

111 956 260 1021 Vindicta
280 951 376 1015 docili
397 952 470 1091 ‹puia
490 963 579 1038 patet
599 951 756 1012 solertiae.

153 1035 311 1116 Vulpinos
333 1042 405 1092 catu
418 1053 453 1093 os
477 1032 580 1115 aquila
603 1031 763 1115 quondam
785 1031 927 1112 sustulit,

109 1114 259 1198 Nidoque
280 1113 388 1194 posuit
407 1113 518 1194 pullis,
541 1131 645 1174 escam
666 1123 703 1172 ut
724 1124 901 1193 carperent.

110 1197 203 1256 Hanc
225 1205 394 1277 persecuta
418 1205 519 1254 mater
540 1205 633 1252 orare
657 1191 782 1273 incipit,

110 1277 161 1336 Ne
184 1286 305 1336 tantum
327 1273 462 1335 miserae
486 1273 609 1333 luctum
629 1272 814 1353 importaret
840 1271 908 1332 sibi.

112 1355 313 1437 Contempsit
333 1353 402 1431 illa,
424 1365 493 1414 tuta
513 1353 632 1435 quippe
654 1353 724 1434 ipso
745 1353 829 1414 loco.

111 1437 236 1517 Vulpes
258 1434 296 1494 ab
321 1456 374 1494 ara
394 1433 500 1515 rapuit
520 1432 683 1493 ardentem
703 1433 825 1506 facem,

111 1519 227 1576 Totam
273 1511 444 1575 ellammis
465 1511 613 1574 arborem
636 1513 862 1588 circumdedit,

111 1578 209 1656 Hosli
229 1537 380 1656 ddlorem
398 1594 512 1654 damno
534 1593 669 1652 miscens
693 1593 859 1674 sanguinis.
902 1605 904 1612 ’

113 1675 227 1757 Aquila
248 1687 284 1734 ut
308 1673 430 1755 periclo
452 1670 562 1733 mortis
585 1672 725 1752 eriperet
744 1693 834 1746 suos,

113 1755 290 1824 Incolumes
311 1766 399 1816 natos
421 1753 555 1834 supplex
578 1751 665 1832 vulpi
686 1752 823 1814 tradidit.

517 1907 709 1919 ,νει-..ιι-

509 2027 582 2066 aaa.
604 2008 716 2067 XXIX.
814 2013 817 2018 '

302 2102 306 2110 ι
389 2141 510 2194 ASINUS
530 2141 682 2195 IRRIDENS
701 2143 827 2196 APRUM.

114 2256 311 2340 Plerumque
334 2255 422 2318 stulti
446 2260 544 2319 risum
566 2257 641 2318 dum
662 2269 786 2397 captant
806 2257 928 2336 levem,

113 2337 214 2397 Gravi
235 2337 432 2419 destringunt
453 2338 531 2398 alios
552 2351 699 2400 contume
712 2338 758 2414 ia,

13 2475 14 2482 ,
113 2419 158 2478 Et
179 2416 238 2477 sihi
259 2417 408 2478 nocivum
428 2418 586 2479 concitant
606 2419 795 2497 periculum.

154 2496 281 2556 Asellus
302 2516 379 2592 apro
402 2518 499 2581 quum
519 2495 633 2557 fuisset
653 2497 783 2574 obvius,

114 2576 228 2651 Salve,
249 2577 366 2660 inquit,
387 2576 498 2640 frater.
539 2577 595 2638 Ille
604 2577 783 2658 :indignans
803 2575 950 2658 repudiat
1068 2615 1069 2618 =
1090 2576 1110 2640 5

114 2656 289 2733 Officium,
314 2669 347 2718 et
367 2659 511 2741 quaerit,
532 2676 590 2718 cur
611 2657 656 2720 sic
676 2656 805 2718 mentiri
821 2654 920 2720 velit?

112 2733 228 2796 Asinus
251 2736 389 2799 demisso
410 2759 509 2820 pene:
533 2739 673 2799 Similem
694 2735 721 2800 si
741 2756 838 2822 negas

114 2817 188 2877 Tibi
205 2837 258 2878 me
280 2835 367 2896 esse,
389 2830 478 2880 certe
502 2818 603 2879 simile
625 2831 674 2881 est
694 2818 757 2881 hoc
777 2828 883 2880 rostro
903 2826 971 2878 tuo.

113 2976 306 2994 -ῄ-

162 3067 229 3119 Fab.
247 3069 369 3137 XXVIII,
387 3089 416 3122 v.
435 3087 460 3122 2.
480 3070 566 3124 Codd.
584 3069 654 3121 Pith.
672 3069 747 3120 lietu.
766 3077 793 3120 et
810 3075 872 3119 vett.
895 3067 963 3120 Edd.
990 3069 1109 3125 solertia.
1152 3082 1156 3088 '

113 3137 241 3204 Rigaltius
260 3153 331 3189 anuo
353 3142 415 3206 1617
436 3140 526 3190 etalii
545 3138 643 3190 deinde
661 3155 753 3188 omues
772 3137 907 3187 solertiae.
926 3165 958 3176 --
975 3155 1005 3188 v.
1024 3141 1049 3192 8.
1070 3143 1109 3196 Ita

114 3205 205 3258 c0dd.
225 3204 279 3256 Sed
294 3207 399 3259 Brotier
417 3217 443 3259 et
461 3209 563 3276 aliquot
577 3208 741 3258 recentiores
756 3223 816 3256 eum
828 3207 913 3256 secuti
933 3206 972 3258 Ab
987 3226 1036 3258 ara
1050 3211 1108 3260 val-

112 3274 167 3344 pis.
185 3301 220 3314 -
237 3290 266 3323 v.
289 3287 328 3324 ια.
346 3274 462 3326 tradidit
480 3273 567 3326 Codd.
587 3274 639 3324 Sed
658 3273 781 3324 reddidit
798 3270 879 3324 habet
897 3275 975 3326 Aaou
993 3294 1051 3328 mus
1060 3280 1108 3329 Ni·

114 3347 178 3393 laat.
195 3351 221 3394 et
241 3343 368 3394 Romulus
386 3345 488 3394 Divion.
509 3341 573 3393 Inde
591 3343 701 3393 Lallem.
719 3343 763 3392 alii
783 3340 917 3392 dederunt
931 3363 959 3394 ie
981 3342 1060 3396 dr'dit.

100 3404 103 3412 '
164 3411 232 3460 Fab.
248 3411 350 3476 XXIX,
366 3429 396 3461 v.
416 3408 648 3478 7·‘1¹¹C0d·Pith·
662 3411 762 3461 recenti
779 3428 859 3462 manu
877 3412 1047 3464 emendatum
1061 3411 1107 3463 de·

114 3479 196 3529 misso
204 3475 289 3548 pede;
299 3475 362 3530 hinc
369 3479 494 3530 Pithoeus
503 3480 577 3530 dedit
588 3476 709 3529 dimissis
716 3477 839 3548 pedibus.
849 3482 1107 3548 AnonymusNilant.

94 3599 97 3616 ‚
114 3557 225 3599 extenso
242 3545 308 3617 pede
326 3546 445 3599 ostendit
462 3549 608 3616 stragulam,
628 3559 654 3598 et
670 3563 752 3599 mox:
770 3548 815 3600 tic
832 3560 927 3600 rostro
940 3559 988 3600 tuo
1001 3550 1106 3600 similia

858 3638 907 3712 4*
1009 3671 1013 3677 .
