2610 4002
94 1741 261 1844 Egregius
295 1753 365 1824 esse
395 1757 583 1822 Desbillonii
617 1757 715 1822 editas
751 1761 791 1828 ad
818 1761 1000 1825 Phaedrum
1031 1763 1087 1827 ob·

95 1857 307 1942 servationes,
329 1861 432 1946 quivis
452 1858 567 1923 horum
588 1861 766 1924 studiorum
786 1862 922 1946 peritior
942 1865 1087 1927 aestima·

94 1978 149 2027 tor
167 1966 283 2048 procul
303 1963 399 2028 dubio
424 1962 589 2025 iudicabits
614 1973 679 2024 tam
701 1987 793 2032 sanae
821 1978 893 2029 sunt
921 1981 954 2031 et
975 1981 1085 2031 acutae

94 2065 135 2127 ad
155 2067 296 2140 criticam
315 2067 515 2146 facultatem,
544 2079 608 2130 tam
635 2078 801 2131 accuratae
829 2068 861 2128 in
882 2070 1086 2153 proprietati·

94 2168 155 2228 bus
179 2165 304 2251 linguae
325 2168 568 2254 investigandis,
592 2182 657 2232 tam
677 2182 764 2235 casto
786 2161 923 2258 denique
946 2183 980 2234 et
997 2181 1085 2233 terso

97 2271 247 2335 orationis
274 2287 393 2356 genere
419 2273 571 2356 insignes,
591 2286 628 2336 ut
652 2273 748 2338 facile
772 2276 804 2338 in
828 2277 865 2338 iis
894 2274 1086 2358 elegantissi-
1140 2339 1143 2343 .

95 2397 181 2438 mum
210 2375 390 2439 fabularum
417 2377 607 2458 scriptorem
637 2390 670 2439 et
698 2379 838 2454 Phaedri
865 2379 915 2448 sui
941 2377 1085 2442 felicissi-

94 2502 180 2542 mum
206 2479 365 2542 aemulum
391 2497 550 2560 agnoscas.
604 2478 812 2566 Quapropter
843 2502 915 2544 cum
947 2477 1086 2564 secunda

95 2583 223 2648 fortuna
243 2581 320 2644 mihi
339 2581 497 2664 integrum
516 2591 549 2642 et
568 2580 698 2662 plenum
715 2582 906 2646 Desbillonii
925 2581 965 2644 ad
983 2581 1085 2642 Phae·

96 2691 188 2752 duum
210 2685 467 2750 commentarium
486 2685 654 2748 obedisset
673 2685 711 2748 ab
734 2687 832 2770 ipsius
851 2706 944 2748 manu
963 2683 1084 2745 nitidis·

97 2793 173 2856 sime
195 2791 425 2878 conscriptum,
453 2809 513 2873 ego
534 2789 675 2872 impense
697 2791 830 2852 laetatus
850 2810 936 2866 sum,
957 2800 991 2851 et
1017 2807 1084 2850 me·
1141 2867 1143 2872 Ι

97 2915 167 2958 cum
188 2877 336 2957 constitui
357 2889 429 2955 data
453 2894 619 2958 occasione
642 2895 863 2978 supplemento
887 2909 1004 2974 augere
1027 2911 1084 2952 no-

96 3012 141 3060 tas
162 2999 222 3062 viri
243 2997 416 3060 doctissimi
436 2997 475 3058 cd
494 2996 756 3060 Phaedrum'iam
776 2994 893 3072 editas,
915 3005 948 3054 et
969 3013 1008 3054 ex
1020 2989 1084 3054 hoc
1109 3031 1112 3036 ν
1159 2995 1161 3005 “

96 3104 239 3187 pleniore
261 3089 505 3178 commentario,
523 3091 718 3180 ut⁴coustat,
739 3097 906 3161 desumtas.
947 3098 1012 3158 Iam
1025 3095 1083 3180 igi-

96 3221 148 3270 tur
173 3228 212 3270 eo
232 3204 379 3268 libentius
405 3215 481 3266 utor
502 3201 562 3265 hac
585 3204 830 3288 Stuttgartianae
857 3200 1002 3263 editionis
1027 3221 1083 3282 op·

96 3299 305 3393 portrmitate,
326 3321 421 3393 atque
440 3307 556 3369 iterato
576 3305 741 3390 spicilegio
762 3303 904 3367 instituto
919 3303 1082 3372 maximam

97 3409 396 3475 notarum-nondum
415 3409 571 3472 editarum
591 3421 715 3494 partem
735 3409 797 3470 hoc
821 3407 894 3468 loco
915 3406 1081 3469 collectam

98 3534 259 3598 prop0u03
281 3513 366 3576 haud
391 3535 484 3577 unam
506 3527 610 3578 tamen
629 3526 737 3578 uotam
759 3511 890 3597 reliqui,
915 3527 997 3594 quae
1021 3507 1081 3569 etsi
