2678 3978
232 472 270 532 ru
544 467 689 528 ruscum
713 483 913 528 raaurmaun
1010 504 1012 507 -

230 633 308 691 Nam
328 629 404 690 nihil
424 626 528 703 amisi,
551 647 611 688 nec
635 647 704 687 sum
722 628 827 686 laesus
848 625 990 690 vulnere.

270 713 342 769 Hoc
363 719 548 792 argumento
572 719 641 768 tuta
664 719 712 768 est
731 706 893 766 hominum
913 709 1066 770 tenuitas:

231 791 361 871 Magnae
374 790 501 871 ‘periclo
523 801 595 851 suut
621 807 698 868 opes
720 786 885 850 obnoxiae.

639 1088 714 1138 ΕΑΒ.
736 1067 817 1132 Vlll.

510 1171 678 1256 c‘envus
702 1205 757 1256 rr
787 1203 941 1255 novas

231 1330 370 1403 Cervus,
390 1326 564 1388 nemorosis
585 1327 738 1386 excitatus
760 1323 912 1399 latibulis,
937 1359 946 1364 ν

229 1409 273 1468 Ut
292 1419 477 1468 venatorum
496 1404 626 1486 fugeret
646 1407 811 1466 instantem
836 1424 966 1483 necem,

231 1489 335 1548 Caeco
356 1487 470 1546 timore
490 1486 665 1566 proximam
686 1485 791 1548 villam
813 1484 910 1567 petit,
990 1555 992 1563 Α
1038 1547 1041 1554 ⁴

229 1569 274 1627 Et
298 1579 479 1648 opportuno
504 1586 537 1626 se
558 1565 658 1625 bubili
682 1565 830 1626 condidit.

229 1648 292 1708 Hic
313 1647 371 1709 bos
393 1647 516 1707 latenti:
540 1645 696 1726 Quidnam
716 1644 843 1708 voluisti
866 1643 940 1720 tihi,

230 1727 358 1804 infelix,
381 1727 466 1789 ultro
490 1724 545 1812 qui
566 1727 605 1787 ad
625 1746 736 1787 necem
757 1724 964 1802 cucurreris,¹

228 1808 465 1890 Hominumque
483 1819 569 1868 tecto
592 1807 735 1889 spiritum
756 1804 972 1866 commiseris?

229 1889 274 1949 At
291 1889 345 1948 ille
366 1887 518 1969 supplex,
537 1888 606 1952 Vos
627 1886 742 1963 modo,
763 1885 882 1968 inquit,
901 1885 1040 1967 parcite:

230 1968 406 2030 Occasione
427 1989 536 2028 rursus
558 1987 721 2060 erumpam
742 1965 823 2026 data.

229 2049 371 2128 Spatium
391 2046 454 2106 diei
474 2047 575 2107 noctis
598 2047 758 2126 excipiunt
780 2044 875 2106 vices.

228 2127 390 2188 Frondem
409 2125 565 2185 bubulcus
587 2125 695 2201 affert,
721 2144 780 2184 nec
800 2124 873 2188 idco
894 2125 991 2187 videt.

228 2208 315 2267 Eunt
333 2205 464 2267 subinde
487 2216 520 2264 ct
541 2204 678 2266 redeunt
699 2224 806 2265 omnes
828 2207 954 2282 rustici,

135 2295 145 2304 ’“
227 2288 329 2347 Nemo
351 2284 584 2346 animadvertit:
606 2286 718 2345 transit
738 2286 831 2345 etiam
854 2285 993 2362 villicus,

228 2367 295 2426 Nec
316 2364 369 2425 ille
391 2365 560 2458 quiequam
581 2365 682 2426 sentit.
725 2368 806 2426 Tum
826 2366 964 2447 gaudens
984 2367 1073 2428 ferus
1175 2389 1186 2400 “

227 2443 338 2507 Bubus
361 2445 476 2530 quietis
499 2465 594 2528 agere
616 2446 723 2527 coepit
744 2446 875 2529 gratias,
1190 2449 1223 2510 15

199 2543 204 2558 “
228 2525 409 2608 Hospitium
430 2526 563 2587 adverso
585 2526 671 2609 quod
690 2526 906 2610 praestiterint
925 2540 1083 2608 tempore.

227 2605 405 2688 Respondit
424 2627 521 2666 unus:
544 2605 672 2667 Salvum
693 2619 727 2667 te
748 2605 889 2685 cupimus
914 2607 1059 2690 quidem3

228 2682 293 2747 se'd
313 2687 384 2762 ille,
408 2685 462 2769 qui
482 2685 593 2746 oeulos
614 2699 740 2747 eentum
761 2684 872 2763 habet,
894 2687 920 2747 si
941 2686 1080 2762 venerit,

226 2769 341 2848 Magno
364 2767 394 2825 in
415 2765 539 2845 periclo
558 2765 623 2827 vita
644 2776 790 2829 vertetur
809 2776 873 2826 tua.

227 2849 315 2908 Haec
336 2847 419 2906 inter
439 2845 506 2925 ipse
527 2843 670 2906 dominus
692 2867 709 2906 a
733 2865 831 2906 coena
852 2845 951 2906 redit:

226 2929 270 2987 Et
290 2926 364 3009 quia
384 2937 552 3005 corruptos
574 2927 696 2986 viderat
717 2946 818 3005 nuper
840 2924 957 3001 boves,

227 3005 361 3067 Accedit
381 3005 420 3064 ad
439 3025 609 3086 praesepe:
632 3006 697 3065 Cur
718 3003 840 3064 frondis
860 3026 972 3086 parum
993 3007 1063 3083 est?

218 3086 404 3146 ¹Stramenta
424 3082 546 3146 desunt.
589 3084 717 3146 Tollere
737 3083 815 3146 haec
840 3107 953 3148 aranea

227 3327 259 3340 -
276 3313 305 3346 v.
327 3313 364 3346 12.
384 3293 453 3348 cod.
472 3301 561 3351 Perot.
579 3316 626 3348 nee
644 3315 700 3348 sitm
717 3316 819 3366 passus
838 3299 958 3350 vulnera.

188 3389 191 3395 ,
273 3363 338 3414 aab.
358 3365 433 3429 VlII,
453 3385 480 3416 v.
496 3366 521 3434 4.
541 3367 621 3417 bovili
637 3366 705 3416 eod.
722 3366 791 3415 Pitlr.
812 3366 905 3416 bobulr'
922 3367 989 3420 cod.
1010 3370 1081 3421 Rern.
1102 3367 1217 3439 indcq‘uc

225 3433 296 3482 Gud.
315 3449 342 3480 re
372 3435 377 3440 '
411 3435 416 3440 '
451 3434 459 3440 '
487 3435 540 3484 ”bi
557 3465 590 3474 -
608 3452 634 3483 υ.
658 3433 1116 3502 15.qrrietusBenll.·coniectnrn.
1138 3469 1169 3478 -
1188 3457 1215 3489 v.

226 3501 298 3552 23·r
550 3510 654 3553 tuotone
674 3501 811 3551 Scheffcro
831 3501 1013 3568 interrogandi
1030 3509 1135 3572 siguum
1155 3517 1217 3576 post

226 3567 273 3618 des
