2610 4002
216 497 275 563 ¹24
546 472 697 542 'ruinosa
720 495 873 541 aaronis

212 648 343 711 Emerui
364 645 561 722 libertatem,
584 643 679 705 canus
699 639 815 704 servio.
1178 661 1217 700 no

212 729 313 790 Ullius
335 748 438 790 essem
458 725 570 807 culpae
592 723 669 783 mihi
692 722 718 782 si
739 723 900 800 conscius,

211 812 326 892 Aequo
347 808 449 870 animo
471 806 602 867 serrem.
641 805 807 885 Nunquam
829 825 899 864 sum
919 802 1024 863 factus
1046 810 1156 876 sauir,

211 891 255 952 Et
275 910 388 970 super,
408 886 537 964 infelix,
557 904 687 946 saevum
706 883 872 964 perpetior
890 882 999 946 domi·

211 972 277 1036 Has
298 980 435 1051 propter
454 986 582 1043 causas,
602 976 636 1024 et
659 984 736 1048 quus
760 965 889 1046 longum
910 975 960 1025 est
979 978 1153 1043 promere,

210 1049 311 1114 Abire
334 1048 504 1124 destinavi,
570 1045 740 1107 otulerint
757 1045 867 1126 pedes.
886 1081 927 1091 -
1177 1041 1219 1102 15

188 1189 191 1198 ,
213 1131 326 1213 Ergo,
340 1129 459 1212 inquit,
479 1068 569 1188 aad?
602 1124 709 1269 (guum
729 1125 802 1185 mali
820 1127 865 1186 nil
884 1122 1019 1198 feceris,

211 1212 301 1274 Haec
322 1207 493 1304 experiris,
513 1219 550 1268 ut
570 1227 607 1267 re
624 1225 693 1282 ers,
713 1205 927 1270 incommoda:
1002 1279 1005 1288 ,

214 1290 367 1398 Quid,s1
411 1286 552 1349 escaria?
574 1305 655 1384 ‹Juac
676 1297 709 1345 te
731 1305 899 1366 passurum
917 1279 1032 1369 putas?

212 1372 284 1438 'tali
303 1311 435 1436 consdio
457 1379 506 1432 est
526 1389 544 1434 a
566 1367 644 1460 iuga
664 1363 847 1434 deterritus

603 1505 806 1519 ...n—-—-———

577 1683 580 1692 Ι
617 1624 695 1702 ω
712 1605 796 1666 XIX.

543 1739 657 1808 nouus
685 1739 868 1792 eructans.

297 1848 456 1910 aaronem
476 1867 536 1908 aa
556 1868 646 1929 aequo
667 1823 782 1916 aaran,
802 1845 941 1928 ,nanum
959 1846 1113 1908 amara.

212 1969 339 2052 Equum
358 1987 376 2028 e
444 1965 552 2052 adriga
572 1967 677 2028 multis
695 1965 805 2060 palmis
826 1964 965 2025 nobilem

215 2048 332 2109 abacis
354 2048 408 2130 qui
432 2069 497 2124 am,
518 2059 552 2108 et
571 2048 603 2107 in
621 2047 788 2129 pistrinum
808 2044 958 2108 vendidit

212 2129 278 2189 Pro
302 2139 394 2190 uetus
416 2126 645 2188 adhibendum
665 2149 763 2209 quum
785 2125 872 2187 foret
892 2147 910 2186 a
932 2125 1042 2202 molis,

212 2208 247 2268 In
268 2206 388 2267 circum
404 2219 445 2265 'ae
493 2206 556 2265 ales
577 2206 625 2265 ire
646 2206 809 2287 conspexit
828 2226 921 2287 suos,

212 2287 256 2349 Ut
278 2297 367 2369 grata
386 2284 438 2344 lau
473 2306 487 2344 s
509 2284 882 2348 redderent'certamina.

211 2365 365 2430 Lacrimis
387 2363 742 2443 obortis,1tcfelioes,
765 2366 823 2445 ait3

212 2446 382 2509 Celebrate
398 2439 469 2507 'sine
488 2465 543 2506 me
560 2463 656 2504 cursu
676 2447 860 2508 sollemnem
881 2447 980 2509 diem!

212 2529 303 2623 Ego,
324 2548 389 2612 quo
409 2527 542 2587 scelesta
561 2524 641 2586 furis
660 2527 811 2588 abstraxit
831 2549 959 2610 manus,

210 2609 260 2678 [br
280 2620 368 2671 sorte
388 2606 471 2670 tristi
490 2606 555 2670 fata
575 2603 701 2671 dellebo
721 2628 800 2690 mea.

221 2735 406 2756 ..p—uua·-

196 2801 264 2862 ·iius
284 2804 342 2856 Sive
359 2813 399 2868 ast
416 2815 543 2866 vocatus,
562 2803 632 2870 dego
649 2801 689 2854 ad
704 2804 787 2856 lucem
805 2808 835 2856 in
852 2809 952 2857 semita.
967 2806 1076 2856 Botluins
1088 2805 1150 2854 Sive
1165 2819 1208 2854 est

213 2884 339 2934 vocatus,
359 2871 527 2938 maritandum
541 2870 581 2922 ad
594 2872 679 2921 lacem
695 2885 735 2922 est
753 2875 827 2930 milri.
845 2903 880 2914 —
895 2893 924 2925 v.
947 2893 984 2926 tt.
997 2875 1036 2924 ltu
1047 2875 1206 2938 lannellius,

211 2951 241 2992 ut
259 2958 273 2992 e
291 2941 359 2991 Cod.
376 2940 444 3007 ipso.
459 2938 568 2989 Bothius
586 2941 684 2989 omittit
698 2941 731 2991 si.
750 2972 783 2983 -
799 2961 829 2994 v.
850 2945 889 2995 13.
901 2943 968 2996 Cod.
988 2959 1095 2992 saravum
1110 2943 1209 3011 patior

212 3009 324 3062 dom...
343 3008 479 3071 Restituit,
497 3016 527 3057 ut
544 3007 681 3072 dedimus,
701 3010 818 3062 Bothius.
837 3013 891 3063 Sed
909 3013 1038 3062 Cassitus:
1055 3009 1094 3058 Et
1113 3027 1206 3079 ευμεν,

209 3077 446 3145 t'tffelix,'saetatm
462 3077 558 3146 patior
574 3074 731 3128 dominam?
747 3079 810 3146 Ego
828 3083 886 3130 Has
900 3091 1015 3150 propter
1031 3095 1130 3129 causas
1149 3087 1204 3132 etc.

210 3141 365 3197 lunncllius:
385 3143 426 3192 Et
441 3161 549 3194 saevam
568 3142 704 3218 (dominam
720 3150 817 3215 patior·
831 3148 928 3218 irzflelir
947 3165 1038 3217 saper.

263 3211 329 3262 Fab.
346 3213 422 3277 XIX,
440 3227 469 3262 v.
489 3229 510 3262 t.
530 3212 709 3262 Emendarunt
728 3214 891 3268 Burmannus
910 3227 936 3268 ct
953 3208 1071 3267 Cossit'us
1091 3213 1161 3265 Cod.
1177 3225 1204 3262 et

187 3273 191 3300 ¹
212 3277 359 3347 quadriga.
377 3307 411 3320 ·-
427 3295 456 3329 v.
474 3281 498 3332 5.
516 3279 590 3331 iadis
609 3279 689 3331 habet
700 3282 768 3333 Cod.
779 3286 909 3338 Ianucllio
923 3293 1001 3336 teste.
1014 3283 1129 3332 Cassitus
1141 3283 1203 3330 lau-

210 3345 252 3396 dis
261 3363 271 3410 ;
287 3347 334 3398 etsi
353 3348 380 3398 in
397 3348 466 3398 notis
484 3347 533 3398 Ed.
551 3348 597 3399 IV.
615 3351 724 3402 coniicit
742 3351 831 3403 laude.
847 3382 879 3393 —
894 3373 922 3405 v.
934 3352 960 3406 6.
970 3354 1009 3402 ltu
1020 3350 1123 3401 Codex.
1135 3349 1202 3399 Cas-

210 3417 275 3465 situs
293 3414 341 3464 Ed.
358 3414 404 3466 111.
422 3415 495 3465 vivite
504 3413 618 3483 selices;
645 3417 692 3467 sed
709 3419 737 3468 in
754 3419 803 3471 Ed.
822 3422 868 3471 1v.
888 3439 902 3472 a
919 3419 992 3477 Cod.
1009 3421 1127 3470 lectione
1144 3433 1200 3466 non

211 3484 324 3551 amplius
340 3482 457 3534 recessit.
477 3511 509 3522 -
526 3499 555 3533 v.
569 3483 593 3532 8.
613 3483 681 3534 Cod.
698 3487 954 3554 upudlanncllium:
973 3500 996 3538 .t
1013 3487 1111 3549 traxit,
1129 3484 1202 3536 unde

212 3551 269 3622 ipse
286 3550 348 3600 iffi·
368 3549 500 3614 “m-it,
519 3550 635 3602 Cossitut
654 3551 862 3609 aeterternam
882 3565 911 3608 ut
931 3555 1053 3609 Bothius.

616 3667 806 3687 n*—
