2678 3978
440 481 503 522 rna.
528 459 584 538 tn,
606 455 786 522 rnonoeus'.

114 623 151 684 Si
177 623 266 686 testis
285 622 383 698 alius,
405 619 500 682 iudex
520 620 598 681 alius
619 619 787 701 denique‚·

115 705 260 787 Dignum
283 703 408 764 faterer
428 721 499 762 esse
520 721 572 762 me
595 698 812 775 teudsmudis,

100 785 185 844 Nec
205 783 254 844 his
276 784 421 844 dolorem
442 781 608 842 delinirem
628 779 787 852 remediis.

115 863 305 945 Suspicione
325 862 352 923 si
373 859 442 946 quis
463 861 583 921 errabit
604 879 692 937 sua,‘
1074 863 1113 936 45

116 944 163 1004 Et
183 944 286 1027 rapiet
305 943 346 1003 ad
366 961 418 1018 se,
440 941 528 1024 quod
549 941 610 1002 erit
631 959 798 1004 commune
818 943 974 1020 omnium,

115 1023 223 1084 Stulte
243 1021 375 1083 nudabit
395 1015 487 1082 animi
510 1020 741 1083 conscientiam.

114 1103 201 1164 Huic
222 1115 405 1164 excusatum
425 1122 477 1162 me
497 1102 592 1163 velim
611 1100 826 1163 nihilominus:

114 1185 230 1266 Neque
252 1183 335 1244 enim
353 1191 466 1243 notare
487 1182 626 1266 singulos
645 1201 733 1242 mens
754 1192 802 1243 est
821 1183 916 1260 mihi,

117 1263 243 1324 Verum
262 1264 362 1344 ipsam
381 1263 477 1325 vitam
500 1275 533 1324 et
552 1277 659 1323 mores
678 1261 839 1324 hominurn
862 1264 1041 1327 ostendere.
1074 1256 1115 1328 ὄσ

117 1343 203 1403 Rem
226 1364 276 1404 me
296 1343 479 1425 professum
501 1342 585 1404 dicet
605 1342 674 1403 fors
695 1342 736 1403 ali
759 1343 807 1403 uis
831 1362 972 1426 gravem.

119 1423 155 1484 si
175 1423 280 1504 Phryx
301 1424 447 1506 Aesopus
470 1423 592 1506 potuit,
617 1423 644 1486 si
664 1422 751 1486 Anac
775 1425 852 1486 arsis
873 1426 987 1508 Scytha

120 1504 292 1564 Aeternam
312 1503 428 1565 famam
448 1503 588 1565 condere
609 1502 735 1586 ingenio
756 1524 831 1565 suo:

121 1583 214 1665 Ego,
234 1583 379 1644 literatae
403 1583 458 1672 qui
482 1603 550 1644 sum
572 1585 706 1667 propior
728 1583 899 1663 Graeciae,

122 1668 188 1724 Cur
208 1683 318 1724 somno
339 1661 432 1724 inerti
452 1663 598 1725 deseram
616 1662 738 1744 patriae
757 1663 877 1724 decus?
1076 1665 1116 1734 55

121 1741 273 1804 Threissa
294 1765 392 1827 quum
412 1765 489 1828 gens
509 1755 656 1804 numeret
676 1751 823 1804 auctores
843 1763 935 1822 suos,

120 1821 266 1908 Linoque
287 1824 405 1907 Apollo
426 1824 467 1885 sit
487 1843 618 1918 parens.
643 1825 733 1882 Musa
753 1822 907 1905 Orpheo,

123 1903 188 1984 Qui
210 1925 282 1964 saxa
303 1910 395 1966 cantu
418 1916 533 1981 moult,
556 1915 588 1964 et
607 1901 729 1962 domuit
749 1899 854 1981 feras,

121 1980 289 2124 Hebripue
312 1985 413 2046 tenuit
435 1984 571 2078 impetus
593 1982 678 2044 dulci
698 2003 797 2043 mora.

121 2065 210 2148 Ergo
253 2065 302 2126 inc
322 2059 450 2142 abesto,
470 2065 572 2141 livor,
593 2084 632 2126 ne
653 2063 775 2124 frustra
795 2083 919 2146 gemas,
1077 2067 1117 2133 do

123 2144 282 2226 Quoniam
302 2145 462 2207 sollemnis
486 2145 562 2206 mihi
582 2144 720 2207 debetur
740 2145 850 2226 gloria.

121 2224 233 2286 Induxi
252 2237 286 2286 te
307 2225 347 2286 ad
367 2226 551 2309 legendum:
573 2227 729 2286 sincerum
749 2225 824 2287 mihi
854 2257 857 2260 ·

122 2304 270 2366 Candore
290 2318 367 2368 noto
387 2307 502 2406 reddas
525 2306 676 2368 iudicium
696 2317 782 2387 peto.
819 2307 822 2318 '

124 2575 156 2588 ·-
172 2565 202 2599 v.
221 2549 264 2600 51.
275 2541 381 2616 firrsan
397 2546 500 2626 alr'qur's
519 2543 607 2628 Codd.
628 2547 710 2624 invito
726 2551 823 2598 metro.
842 2546 967 2627 Correxit
975 2550 1116 2618 Scioppius

119 2611 917 2754 assuras.accusamusaa
928 2617 1116 2755 citatas:

122 2755 217 2817 turae,
236 2767 306 2802 anno
327 2755 408 2816 16003
433 2768 488 2801 non
507 2767 587 2804 vero:
604 2750 686 2821 frige
694 2750 789 2820 fuisse
806 2755 925 2822 Aesopus
942 2753 1119 2805 Anacharsae

36 2855 40 2862 -
123 2821 241 2890 Serthue
251 2838 262 2881 ‚·
285 2829 313 2869 ut
333 2820 426 2872 Critici
450 2819 502 2870 huc
519 2838 604 2887 usque
623 2835 714 2871 omnes
733 2822 899 2886 retulerunt,
926 2820 997 2872 salsis
1014 2821 1116 2873 Editio·

122 2901 185 2940 num
205 2889 376 2940 Hanoviensis
395 2896 421 2938 et
440 2889 618 2939 Neveletanoe
637 2889 730 2957 positis
749 2889 783 2938 ad
801 2890 946 2956 marginem
970 2891 1041 2940 notis
1068 2890 1117 2942 de·

122 2956 204 3026 cepti.
221 2956 348 3008 Pithoeus
368 2956 468 3007 edidit:
488 2955 519 3006 Si
533 2956 631 3026 Phryx
644 2962 764 3026 Aesopus
778 2959 870 3026 potuit
884 2958 1042 3009 Ancclrarsi
1050 2957 1118 3028 Sey·

122 3025 194 3076 thee.
213 3026 340 3090 Rigaltius
359 3031 469 3076 auctore
481 3024 627 3092 Scioppio:¹
643 3024 810 3076 Anacharsis
823 3026 935 3094 Scytha.
950 3027 1118 3079 Postremum

122 3095 150 3142 si
163 3111 178 3143 a
197 3092 270 3143 Frid.
290 3092 430 3145 Gronovio
454 3093 574 3142 accessit.
597 3093 720 3143 aliorum
747 3095 915 3145 coniecturas
939 3104 1066 3149 tacemus.
1083 3123 1118 3137 —

121 3179 151 3211 v.
170 3163 212 3227 59.
232 3159 367 3232 Hebrique
385 3160 490 3230 Rigaltii
509 3161 672 3212 coniectura.
692 3161 822 3213 Codices:
852 3161 1116 3232 Heret1·que,quam

120 3229 269 3282 tectionem
287 3229 469 3287 Derbillonius
487 3236 585 3281 tuctur.
604 3228 659 3281 Sed
677 3229 719 3280 Ci.
738 3229 858 3282 Schwah.

167 3643 313 3744 Phaedrum
