2610 4002
342 521 345 526 ¹
398 467 510 514 uocas
530 457 575 512 au
592 457 788 514 ruannnusu

272 609 351 674 Fub.
370 611 425 677 lv.
446 611 486 677 V.
506 604 535 673 a·
557 629 685 674 curnem
705 610 781 674 dum
802 609 914 706 ferret·

89 732 255 798 Terentius,
276 731 419 784 Heautont.
438 742 490 785 act.
507 735 531 786 5.
552 751 589 786 sc.
604 735 629 786 5.
649 751 674 784 v.
699 731 738 800 14.
760 736 882 786 voculam
902 730 967 786 dum
986 733 1087 803 parites

89 819 156 854 eum
177 801 345 853 subiunctivo
364 800 488 866 adhibet,
510 801 607 854 eodem
622 818 700 853 sensu
720 803 892 854 intellectam.
934 801 1008 854 llaec
1022 799 1086 851 dum

89 870 427 1005 uttutt'lugllt
438 870 771 1009 „telumue-„a
786 869 812 938 ⁴¹
873 869 934 936 ⁴⁵⁷·
953 871 1085 938 Μ’

430 1085 508 1148 Feb.
528 1084 609 1144 xln.
629 1082 670 1148 V.
694 1106 720 1145 t.
740 1101 770 1146 n.

90 1206 282 1269 Hunclocum
302 1203 410 1268 Critici,
432 1206 532 1257 nodum
552 1207 581 1257 iu
597 1206 694 1275 Scirpo
734 1213 890 1272 uuerentes,
915 1206 987 1264 rarle
1006 1221 1085 1256 vexa·

90 1283 171 1340 runt3
194 1283 220 1326 et
241 1292 269 1328 se
291 1283 381 1326 tamen
395 1274 552 1326 Lectionum
570 1273 706 1328 chartulae
747 1275 839 1325 anielis
856 1275 948 1342 sequi,
965 1290 1084 1325 commu·

90 1346 165 1394 niter
184 1351 319 1411 putarunt.
354 1342 410 1393 Sed
426 1342 534 1395 errandi
552 1359 660 1396 causam
671 1344 760 1395 Editio
778 1341 881 1409 Rigaltii
894 1341 994 1415 duplex
1005 1357 1085 1460 prae·

89 1412 159 1462 huit.
191 1411 241 1462 Ille
260 1410 368 1479 quidem
387 1411 415 1461 in
436 1410 554 1463 secunda
567 1412 693 1464 Editione
714 1412 795 1464 siclo
815 1412 900 1464 uitur:
921 1427 1006 1462 nona
1025 1429 1038 1460 s
1055 1426 1085 1460 rs

91 1476 256 1550 quibusdum
273 1479 372 1529 reculas
391 1477 538 1540 redebitur,
566 1478 644 1549 quod
658 1480 794 1550 exemplar
831 1479 929 1530 aniels's
942 1479 1085 1548 suggerite

229 1547 282 1613 Qui
305 1563 333 1598 se
355 1546 459 1599 laudari
481 1547 598 1614 gaudent
619 1548 706 1600 verbis
729 1545 866 1614 subdolis,

228 1615 294 1666 Sera
311 1612 375 1665 dant
396 1632 497 1683 poenas
518 1624 612 1684 turpes
632 1618 809 1684 poenitentis.

90 1685 123 1736 lli
146 1681 201 1734 duo
224 1699 330 1749 versus,
353 1685 427 1751 quusi
448 1683 563 1734 fideliter
589 1685 674 1736 exseri
694 1684 714 1733 ti
737 1684 770 1733 ab
792 1685 936 1752 exemplari
959 1684 1084 1748 Danielis,

90 1751 194 1819 recepti
211 1749 282 1816 sunl,
300 1760 326 1802 at
345 1768 379 1803 ne
392 1752 624 1804 Franciscusllare
636 1752 665 1802 in
674 1701 795 1820 Epistola
811 1767 859 1801 sua
874 1753 967 1804 critica
984 1752 1018 1802 de
1032 1768 1083 1802 no·

89 1822 124 1872 tis
145 1819 257 1870 Bentleii
274 1820 302 1870 in
320 1821 340 1872 P
360 1818 486 1872 aeduum:
510 1817 665 1886 Rigaltius,
691 1821 794 1888 iuquit,
816 1817 912 1870 ibidem
934 1819 973 1887 (in
992 1816 1084 1869 codice

89 1885 229 1955 Danielis)
245 1887 387 1954 selegisse
409 1886 493 1950 dicit,
515 1905 578 1944 seru
593 1889 782 1958 poenitentia:
797 1898 882 1957 utque
903 1887 968 1938 haec
990 1886 1083 1938 Lectio

91 1974 120 2006 se
141 1955 272 2026 probauit
290 1955 431 2024 Iligultt'o,
455 1957 577 2026 Guyeto,
597 1957 754 2018 Gronovio,
778 1956 909 2015 Heinsio,
935 1952 1083 2023 Schlffero,

91 2023 199 2076 Gudio:
223 2023 436 2098 necquidquam
454 2025 607 2092 elegantius
627 2023 793 2094 dict’potus't.
825 2024 926 2074 Verum
943 2021 1012 2074 hanc
1025 2026 1082 2074 lec·

88 2093 192 2155 tionem
210 2095 257 2143 illo
274 2093 364 2145 modo*
377 2095 571 2164 compositam,
589 2111 644 2162 quo
660 2094 704 2144 hic
722 2099 954 2161 repraesentatur,
971 2107 1024 2141 non
1039 2107 1083 2142 ex·

90 2160 166 2212 hibet
188 2160 282 2212 Codex
303 2162 435 2225 Danielis,
466 2169 494 2215 at
520 2162 690 2214 concinnavit
710 2161 851 2228 Rigaltius;
880 2158 953 2227 quod
980 2167 1005 2210 et
1027 2159 1085 2226 ipsa

90 2230 234 2296 eiusvox,
265 2233 407 2298 suggerit,
429 2233 500 2282 serio
523 2230 720 2283 attendentibus
738 2230 885 2297 significare
905 2229 967 2278 satis
984 2228 1082 2296 potuit.

89 2295 179 2364 Atque
200 2297 245 2349 ille
266 2299 294 2347 in
314 2300 402 2366 prima
423 2300 546 2352 editione
560 2316 608 2350 sua
625 2301 678 2350 iam
694 2306 846 2364 notaverat,
867 2297 1083 2350 sccundumver·

90 2381 150 2415 sum
169 2366 208 2416 sic
228 2367 281 2432 legi
303 2367 332 2415 iu
353 2369 497 2435 exemplari
514 2368 647 2419 Danielis:

227 2433 308 2484 Serae
326 2433 390 2483 dant
404 2451 506 2502 poenas
524 2437 597 2504 turpi
613 2436 787 2502 poenitentia.

110 2518 159 2552 uae
175 2501 256 2553 rerba
265 2536 275 2562 ,
294 2501 411 2568 quamvis
434 2502 571 2563 evidenter
586 2512 731 2570 corrupta,
760 2501 881 2570 proxime
899 2507 988 2550 tamen
1005 2516 1082 2551 acce·

90 2519 158 2620 dunt
177 2569 374 2620 adlectionem
395 2569 528 2622 Codicum
544 2569 686 2622 Pithoeani
706 2579 733 2622 et
750 2570 899 2633 ilemensis,
918 2583 998 2636 quam
1019 2570 1083 2618 reti·

89 2635 205 2691 neudum
221 2655 278 2690 csse
296 2653 442 2691 censemus.

428 2787 507 2850 Fab.
526 2787 610 2854 XIV·
630 2785 671 2854 V.
697 2787 741 2850 18.

23 2963 27 2974 ³
90 2907 210 2960 Stultitia
228 2915 283 2959 tam
303 2917 376 2961 recte
393 2921 536 2980 quaestus,
563 2925 643 3027 spiam
662 2907 799 3029 xquaestui
818 2921 876 2956 esse
900 2897 1083 2972 impudentiae

563 2996 569 3027 t
593 3013 599 3028 .
621 2993 645 3028 a.

91 2975 145 3028 dici
162 2985 260 3047 potest.
281 2977 404 3028 Horatius
422 2979 475 3029 Sat.
493 2979 518 3029 6.
540 2979 561 3027 L
688 3013 695 3028 .
717 2991 756 3042 ¹9·

222 3047 424 3112 Autumnusque
446 3047 529 3112 gravis
550 3046 683 3097 Libitinae
702 3051 826 3114 quaestus
845 3039 970 3093 acerbae.

87 3113 145 3166 Sed
163 3123 189 3166 ct
203 3115 299 3167 Lectio
318 3111 427 3166 Codicis
444 3114 579 3165 ilemensis
599 3116 710 3166 retineri
731 3119 855 3182 poterat,
875 3124 960 3177 quac,
978 3112 1009 3155 ut
1031 3102 1081 3156 do·

90 3183 146 3235 cuit
162 3199 212 3234 nos
230 3184 344 3252 epistola
360 3183 439 3233 missa
454 3182 542 3234 Remis
561 3181 595 3233 ad
614 3183 805 3242 vavassorem,
824 3179 885 3229 talis
904 3182 957 3226 est:
1072 3185 1075 3192 ’

226 3251 349 3318 Quorum
366 3252 493 3301 stultitiae
513 3259 637 3318 quaestus
655 3249 835 3318 imprudentia
854 3253 901 3296 est.

89 3319 157 3370 Nam
175 3321 197 3369 si
214 3337 278 3382 rot,
298 3337 428 3390 quorum,
448 3319 641 3386 distinguatur,
657 3319 843 3384 retentusque
860 3311 894 3364 ad
910 3329 1015 3376 vocem,
1033 3309 1081 3390 t'tnf

90 3385 255 3456 prudentio:
274 3387 370 3439 Sensus
388 3389 453 3440 erit:
482 3388 605 3452 Quorum
625 3387 804 3455 imprudentia
822 3383 946 3452 ¹quaestui
969 3389 1009 3432 est
1031 3380 1080 3446 ipsi

90 3457 228 3520 stultitiae,
251 3456 303 3506 sive
323 3455 445 3507 latuitati.
462 3457 579 3507 Fatuitas
599 3457 669 3506 enim
686 3457 731 3506 illa
750 3465 816 3517 erat,
839 3464 980 3522 perquam
996 3456 1080 3511 sutum,

92 3539 182 3577 amore
200 3527 268 3578 lucri
284 3527 365 3578 stulto
384 3534 411 3579 et
428 3525 555 3597 improbo
573 3523 686 3592 ductus,
714 3523 853 3576 credulam
874 3516 1080 3587 imprudentium
