<?xml version="1.0" encoding="UTF-8"?>
<!DOCTYPE html PUBLIC "-//W3C//DTD XHTML 1.0 Transitional//EN"
    "http://www.w3.org/TR/xhtml1/DTD/xhtml1-transitional.dtd">
<html xmlns="http://www.w3.org/1999/xhtml" xml:lang="en" lang="en">
 <head>
  <title>
</title>
<meta http-equiv="Content-Type" content="text/html;charset=utf-8" />
  <meta name='ocr-system' content='tesseract 3.04.00' />
  <meta name='ocr-capabilities' content='ocr_page ocr_carea ocr_par ocr_line ocrx_word'/>
</head>
<body>
  <div class='ocr_page' id='page_1' title='image "./phaedriaugustil00aesogoog_0041.png"; bbox 0 0 2678 3978; ppageno 0'>
   <div class='ocr_carea' id='block_1_1' title="bbox 232 429 1010 518">
    <p class='ocr_par' dir='ltr' id='par_1_1' title="bbox 232 429 1010 518">
     <span class='ocr_line' id='line_1_1' title="bbox 232 429 1010 518; baseline -0.006 -22"><span class='ocrx_word' id='word_1_1' title='bbox 232 447 253 512; x_wconf 76' lang='grc'>4</span> <span class='ocrx_word' id='word_1_2' title='bbox 547 453 694 498; x_wconf 75' lang='lat' dir='ltr'>nunnoni</span> <span class='ocrx_word' id='word_1_3' title='bbox 718 451 918 518; x_wconf 69' lang='lat' dir='ltr'>rnnunnnuu</span> <span class='ocrx_word' id='word_1_4' title='bbox 1005 429 1010 436; x_wconf 80' lang='grc'><em>’</em></span> 
     </span>
    </p>
   </div>
   <div class='ocr_carea' id='block_1_2' title="bbox 196 592 1233 1642">
    <p class='ocr_par' dir='ltr' id='par_1_2' title="bbox 196 592 1233 1476">
     <span class='ocr_line' id='line_1_2' title="bbox 232 592 1111 680; baseline -0.003 -22"><span class='ocrx_word' id='word_1_5' title='bbox 232 600 410 680; x_wconf 85' lang='lat' dir='ltr'>Longeque</span> <span class='ocrx_word' id='word_1_6' title='bbox 426 593 568 656; x_wconf 80' lang='lat' dir='ltr'>inlerior</span> <span class='ocrx_word' id='word_1_7' title='bbox 588 613 696 674; x_wconf 76' lang='lat' dir='ltr'>agnus·</span> <span class='ocrx_word' id='word_1_8' title='bbox 739 593 829 652; x_wconf 85' lang='lat' dir='ltr'>Tunc</span> <span class='ocrx_word' id='word_1_9' title='bbox 850 592 946 654; x_wconf 83' lang='lat' dir='ltr'>fauce</span> <span class='ocrx_word' id='word_1_10' title='bbox 967 594 1111 676; x_wconf 83' lang='lat' dir='ltr'>improba</span> 
     </span>
     <span class='ocr_line' id='line_1_3' title="bbox 231 670 1178 756; baseline -0.007 -18"><span class='ocrx_word' id='word_1_11' title='bbox 231 680 329 739; x_wconf 86' lang='lat' dir='ltr'>Latro</span> <span class='ocrx_word' id='word_1_12' title='bbox 351 677 512 752; x_wconf 63' lang='lat' dir='ltr'>incitam,</span> <span class='ocrx_word' id='word_1_13' title='bbox 534 675 630 756; x_wconf 79' lang='lat' dir='ltr'>iurgii</span> <span class='ocrx_word' id='word_1_14' title='bbox 651 691 777 732; x_wconf 81' lang='lat' dir='ltr'>causam</span> <span class='ocrx_word' id='word_1_15' title='bbox 797 670 911 733; x_wconf 86' lang='lat' dir='ltr'>intulit.</span> <span class='ocrx_word' id='word_1_16' title='bbox 1174 685 1178 690; x_wconf 89' lang='lat'>&#39;</span> 
     </span>
     <span class='ocr_line' id='line_1_4' title="bbox 232 750 1233 836; baseline -0.006 -19"><span class='ocrx_word' id='word_1_17' title='bbox 232 758 316 833; x_wconf 85' lang='lat' dir='ltr'>Cur,</span> <span class='ocrx_word' id='word_1_18' title='bbox 336 758 366 817; x_wconf 90' lang='lat' dir='ltr'>in</span> <span class='ocrx_word' id='word_1_19' title='bbox 390 757 454 830; x_wconf 71' lang='lat' dir='ltr'>uit,</span> <span class='ocrx_word' id='word_1_20' title='bbox 476 755 692 815; x_wconf 78' lang='lat' dir='ltr'>turbulentam</span> <span class='ocrx_word' id='word_1_21' title='bbox 713 750 819 810; x_wconf 84' lang='lat' dir='ltr'><strong>fecisti</strong></span> <span class='ocrx_word' id='word_1_22' title='bbox 841 752 919 812; x_wconf 91' lang='lat' dir='ltr'>mihi</span> <span class='ocrx_word' id='word_1_23' title='bbox 939 774 1051 836; x_wconf 89' lang='lat' dir='ltr'>aquam</span> <span class='ocrx_word' id='word_1_24' title='bbox 1213 759 1233 818; x_wconf 84' lang='lat'><em>5</em></span> 
     </span>
     <span class='ocr_line' id='line_1_5' title="bbox 230 833 952 898; baseline -0.006 -2"><span class='ocrx_word' id='word_1_25' title='bbox 230 838 325 896; x_wconf 86' lang='lat' dir='ltr'>Istam</span> <span class='ocrx_word' id='word_1_26' title='bbox 347 837 378 898; x_wconf 88' lang='lat' dir='ltr'>bi</span> <span class='ocrx_word' id='word_1_27' title='bbox 404 834 491 898; x_wconf 85' lang='lat' dir='ltr'>enti?</span> <span class='ocrx_word' id='word_1_28' title='bbox 531 834 608 893; x_wconf 91' lang='lat' dir='ltr'>Lani</span> <span class='ocrx_word' id='word_1_29' title='bbox 633 853 669 892; x_wconf 91' lang='lat' dir='ltr'>er</span> <span class='ocrx_word' id='word_1_30' title='bbox 690 841 800 890; x_wconf 88' lang='lat' dir='ltr'>contra</span> <span class='ocrx_word' id='word_1_31' title='bbox 825 833 952 892; x_wconf 87' lang='lat' dir='ltr'>timens:</span> 
     </span>
     <span class='ocr_line' id='line_1_6' title="bbox 232 853 1156 1006; baseline -0.001 -32"><span class='ocrx_word' id='word_1_32' title='bbox 232 919 300 1006; x_wconf 76' lang='lat' dir='ltr'>Qut</span> <span class='ocrx_word' id='word_1_33' title='bbox 319 937 449 997; x_wconf 87' lang='lat' dir='ltr'>possum</span> <span class='ocrx_word' id='word_1_34' title='bbox 469 933 588 996; x_wconf 86' lang='lat' dir='ltr'><strong>quaeso</strong></span> <span class='ocrx_word' id='word_1_35' title='bbox 611 853 737 984; x_wconf 72' lang='lat' dir='ltr'>iacere,</span> <span class='ocrx_word' id='word_1_36' title='bbox 761 911 851 992; x_wconf 91' lang='lat' dir='ltr'>quod</span> <span class='ocrx_word' id='word_1_37' title='bbox 872 913 1034 995; x_wconf 86' lang='lat' dir='ltr'>quereris,</span> <span class='ocrx_word' id='word_1_38' title='bbox 1056 912 1156 996; x_wconf 87' lang='lat' dir='ltr'>lupe?</span> 
     </span>
     <span class='ocr_line' id='line_1_7' title="bbox 196 989 945 1074; baseline -0.005 -17"><span class='ocrx_word' id='word_1_39' title='bbox 196 1029 204 1046; x_wconf 91' lang='grc'>-</span> <span class='ocrx_word' id='word_1_40' title='bbox 229 999 259 1057; x_wconf 87' lang='lat' dir='ltr'>A</span> <span class='ocrx_word' id='word_1_41' title='bbox 280 1008 314 1056; x_wconf 91' lang='lat' dir='ltr'>te</span> <span class='ocrx_word' id='word_1_42' title='bbox 336 994 481 1057; x_wconf 83' lang='lat' dir='ltr'><strong>decurrit</strong></span> <span class='ocrx_word' id='word_1_43' title='bbox 503 993 542 1052; x_wconf 85' lang='lat' dir='ltr'>ad</span> <span class='ocrx_word' id='word_1_44' title='bbox 563 1011 652 1052; x_wconf 88' lang='lat' dir='ltr'>meos</span> <span class='ocrx_word' id='word_1_45' title='bbox 674 989 805 1049; x_wconf 89' lang='lat' dir='ltr'>haustus</span> <span class='ocrx_word' id='word_1_46' title='bbox 826 990 945 1074; x_wconf 89' lang='lat' dir='ltr'>liquor.</span> 
     </span>
     <span class='ocr_line' id='line_1_8' title="bbox 229 1069 791 1156; baseline -0.016 -20"><span class='ocrx_word' id='word_1_47' title='bbox 229 1075 391 1156; x_wconf 85' lang='lat' dir='ltr'>Repulsus</span> <span class='ocrx_word' id='word_1_48' title='bbox 410 1075 465 1134; x_wconf 91' lang='lat' dir='ltr'>ille</span> <span class='ocrx_word' id='word_1_49' title='bbox 488 1071 631 1134; x_wconf 79' lang='lat' dir='ltr'>veritatis</span> <span class='ocrx_word' id='word_1_50' title='bbox 654 1069 791 1142; x_wconf 78' lang='lat' dir='ltr'>viribus,</span> 
     </span>
     <span class='ocr_line' id='line_1_9' title="bbox 229 1146 1054 1226; baseline -0.007 -10"><span class='ocrx_word' id='word_1_51' title='bbox 229 1159 313 1216; x_wconf 86' lang='lat' dir='ltr'>Ante</span> <span class='ocrx_word' id='word_1_52' title='bbox 332 1156 392 1216; x_wconf 92' lang='lat' dir='ltr'>hos</span> <span class='ocrx_word' id='word_1_53' title='bbox 414 1175 470 1215; x_wconf 85' lang='lat' dir='ltr'>sex</span> <span class='ocrx_word' id='word_1_54' title='bbox 494 1171 617 1212; x_wconf 88' lang='lat' dir='ltr'>menses</span> <span class='ocrx_word' id='word_1_55' title='bbox 638 1150 737 1226; x_wconf 86' lang='lat' dir='ltr'>male,</span> <span class='ocrx_word' id='word_1_56' title='bbox 760 1150 820 1224; x_wconf 77' lang='lat' dir='ltr'>ait,</span> <span class='ocrx_word' id='word_1_57' title='bbox 842 1146 948 1208; x_wconf 81' lang='lat' dir='ltr'>dixisti</span> <span class='ocrx_word' id='word_1_58' title='bbox 968 1149 1054 1211; x_wconf 89' lang='lat' dir='ltr'>mihi.</span> 
     </span>
     <span class='ocr_line' id='line_1_10' title="bbox 228 1230 1105 1316; baseline -0.009 -21"><span class='ocrx_word' id='word_1_59' title='bbox 228 1236 409 1316; x_wconf 85' lang='lat' dir='ltr'>Respondit</span> <span class='ocrx_word' id='word_1_60' title='bbox 431 1255 446 1293; x_wconf 86' lang='lat' dir='ltr'>a</span> <span class='ocrx_word' id='word_1_61' title='bbox 473 1252 544 1292; x_wconf 93' lang='lat' dir='ltr'>nus:</span> <span class='ocrx_word' id='word_1_62' title='bbox 566 1230 727 1312; x_wconf 82' lang='lat' dir='ltr'>Equidem</span> <span class='ocrx_word' id='word_1_63' title='bbox 747 1242 839 1291; x_wconf 91' lang='lat' dir='ltr'>natus</span> <span class='ocrx_word' id='word_1_64' title='bbox 861 1249 924 1290; x_wconf 90' lang='lat' dir='ltr'>non</span> <span class='ocrx_word' id='word_1_65' title='bbox 946 1249 1041 1290; x_wconf 89' lang='lat' dir='ltr'>eram.</span> <span class='ocrx_word' id='word_1_66' title='bbox 1064 1267 1105 1278; x_wconf 88' lang='lat'>-</span> 
     </span>
     <span class='ocr_line' id='line_1_11' title="bbox 228 1254 1023 1393; baseline -0.01 -17"><span class='ocrx_word' id='word_1_67' title='bbox 228 1318 326 1376; x_wconf 86' lang='lat' dir='ltr'>Pater</span> <span class='ocrx_word' id='word_1_68' title='bbox 346 1254 480 1374; x_wconf 70' lang='lat' dir='ltr'>hercuie</span> <span class='ocrx_word' id='word_1_69' title='bbox 503 1323 593 1386; x_wconf 78' lang='lat' dir='ltr'>tuus,</span> <span class='ocrx_word' id='word_1_70' title='bbox 614 1311 732 1393; x_wconf 80' lang='lat' dir='ltr'>inquit,</span> <span class='ocrx_word' id='word_1_71' title='bbox 753 1307 916 1368; x_wconf 81' lang='lat' dir='ltr'>maledixit</span> <span class='ocrx_word' id='word_1_72' title='bbox 935 1309 1023 1368; x_wconf 83' lang='lat' dir='ltr'>milri.</span> 
     </span>
     <span class='ocr_line' id='line_1_12' title="bbox 229 1388 997 1476; baseline -0.007 -22"><span class='ocrx_word' id='word_1_73' title='bbox 229 1397 337 1476; x_wconf 84' lang='lat' dir='ltr'>Atque</span> <span class='ocrx_word' id='word_1_74' title='bbox 361 1395 404 1454; x_wconf 88' lang='lat' dir='ltr'>ita</span> <span class='ocrx_word' id='word_1_75' title='bbox 429 1401 616 1470; x_wconf 89' lang='lat' dir='ltr'>correptum</span> <span class='ocrx_word' id='word_1_76' title='bbox 635 1391 756 1450; x_wconf 88' lang='lat' dir='ltr'>lacerat</span> <span class='ocrx_word' id='word_1_77' title='bbox 776 1388 889 1448; x_wconf 87' lang='lat' dir='ltr'>iniusta</span> <span class='ocrx_word' id='word_1_78' title='bbox 908 1407 997 1449; x_wconf 91' lang='lat' dir='ltr'>nece.</span> 
     </span>
    </p>

    <p class='ocr_par' dir='ltr' id='par_1_3' title="bbox 230 1467 1137 1642">
     <span class='ocr_line' id='line_1_13' title="bbox 270 1467 1137 1553; baseline -0.003 -19"><span class='ocrx_word' id='word_1_79' title='bbox 270 1477 360 1534; x_wconf 88' lang='lat' dir='ltr'>Haec</span> <span class='ocrx_word' id='word_1_80' title='bbox 382 1485 518 1553; x_wconf 90' lang='lat' dir='ltr'>propter</span> <span class='ocrx_word' id='word_1_81' title='bbox 539 1470 609 1529; x_wconf 93' lang='lat' dir='ltr'>illos</span> <span class='ocrx_word' id='word_1_82' title='bbox 631 1469 747 1550; x_wconf 86' lang='lat' dir='ltr'>scripta</span> <span class='ocrx_word' id='word_1_83' title='bbox 769 1481 817 1528; x_wconf 89' lang='lat' dir='ltr'>est</span> <span class='ocrx_word' id='word_1_84' title='bbox 840 1467 984 1530; x_wconf 86' lang='lat' dir='ltr'>homines</span> <span class='ocrx_word' id='word_1_85' title='bbox 1006 1468 1137 1550; x_wconf 81' lang='lat' dir='ltr'>fabula,</span> 
     </span>
     <span class='ocr_line' id='line_1_14' title="bbox 230 1547 941 1642; baseline -0.008 -28"><span class='ocrx_word' id='word_1_86' title='bbox 230 1554 296 1642; x_wconf 79' lang='lat' dir='ltr'>Qui</span> <span class='ocrx_word' id='word_1_87' title='bbox 316 1551 398 1615; x_wconf 87' lang='lat' dir='ltr'>lictis</span> <span class='ocrx_word' id='word_1_88' title='bbox 420 1549 522 1612; x_wconf 85' lang='lat' dir='ltr'>causis</span> <span class='ocrx_word' id='word_1_89' title='bbox 542 1549 726 1610; x_wconf 91' lang='lat' dir='ltr'>innocentes</span> <span class='ocrx_word' id='word_1_90' title='bbox 748 1547 941 1630; x_wconf 78' lang='lat' dir='ltr'>opprimunt.</span> 
     </span>
    </p>
   </div>
   <div class='ocr_carea' id='block_1_3' title="bbox 639 1689 824 1703">
    <p class='ocr_par' dir='ltr' id='par_1_4' title="bbox 639 1689 824 1703">
     <span class='ocr_line' id='line_1_15' title="bbox 639 1689 824 1703; baseline -0.011 0"><span class='ocrx_word' id='word_1_91' title='bbox 639 1689 824 1703; x_wconf 76' lang='lat'><em>-——-</em></span> 
     </span>
    </p>
   </div>
   <div class='ocr_carea' id='block_1_4' title="bbox 442 1787 1019 1982">
    <p class='ocr_par' dir='ltr' id='par_1_5' title="bbox 442 1787 1019 1982">
     <span class='ocr_line' id='line_1_16' title="bbox 661 1787 795 1847; baseline -0.022 0"><span class='ocrx_word' id='word_1_92' title='bbox 661 1805 736 1847; x_wconf 74' lang='lat' dir='ltr'>rin.</span> <span class='ocrx_word' id='word_1_93' title='bbox 759 1787 795 1845; x_wconf 89' lang='lat' dir='ltr'>Il.</span> 
     </span>
     <span class='ocr_line' id='line_1_17' title="bbox 442 1915 1019 1982; baseline -0.005 0"><span class='ocrx_word' id='word_1_94' title='bbox 442 1923 589 1982; x_wconf 86' lang='lat' dir='ltr'>RANAE</span> <span class='ocrx_word' id='word_1_95' title='bbox 610 1915 763 1981; x_wconf 85' lang='lat' dir='ltr'>REGEM</span> <span class='ocrx_word' id='word_1_96' title='bbox 781 1919 1019 1980; x_wconf 81' lang='lat' dir='ltr'>PETENTES.</span> 
     </span>
    </p>
   </div>
   <div class='ocr_carea' id='block_1_5' title="bbox 127 2048 1027 2616">
    <p class='ocr_par' dir='ltr' id='par_1_6' title="bbox 227 2048 961 2136">
     <span class='ocr_line' id='line_1_18' title="bbox 227 2048 961 2136; baseline 0.001 -24"><span class='ocrx_word' id='word_1_97' title='bbox 227 2051 370 2112; x_wconf 84' lang='lat' dir='ltr'>Athenae</span> <span class='ocrx_word' id='word_1_98' title='bbox 413 2075 489 2114; x_wconf 90' lang='lat' dir='ltr'>uum</span> <span class='ocrx_word' id='word_1_99' title='bbox 511 2048 666 2116; x_wconf 75' lang='lat' dir='ltr'>florerent</span> <span class='ocrx_word' id='word_1_100' title='bbox 687 2053 795 2136; x_wconf 87' lang='lat' dir='ltr'>aequis</span> <span class='ocrx_word' id='word_1_101' title='bbox 819 2053 961 2135; x_wconf 66' lang='lat' dir='ltr'>legibue,</span> 
     </span>
    </p>

    <p class='ocr_par' dir='ltr' id='par_1_7' title="bbox 127 2074 896 2295">
     <span class='ocr_line' id='line_1_19' title="bbox 127 2074 851 2210; baseline 0.003 -20"><span class='ocrx_word' id='word_1_102' title='bbox 127 2153 134 2166; x_wconf 68' lang='grc'><strong>“</strong></span> <span class='ocrx_word' id='word_1_103' title='bbox 227 2135 352 2191; x_wconf 83' lang='lat' dir='ltr'>Procax</span> <span class='ocrx_word' id='word_1_104' title='bbox 373 2074 504 2193; x_wconf 82' lang='lat' dir='ltr'>libertas</span> <span class='ocrx_word' id='word_1_105' title='bbox 527 2135 688 2196; x_wconf 86' lang='lat' dir='ltr'>civitatem</span> <span class='ocrx_word' id='word_1_106' title='bbox 709 2132 851 2210; x_wconf 81' lang='lat' dir='ltr'>miscuit,</span> 
     </span>
     <span class='ocr_line' id='line_1_20' title="bbox 227 2212 896 2295; baseline 0.006 -25"><span class='ocrx_word' id='word_1_107' title='bbox 227 2213 434 2295; x_wconf 80' lang='lat' dir='ltr'>Frenumque</span> <span class='ocrx_word' id='word_1_108' title='bbox 455 2213 550 2275; x_wconf 78' lang='lat' dir='ltr'>solvit</span> <span class='ocrx_word' id='word_1_109' title='bbox 570 2212 739 2294; x_wconf 89' lang='lat' dir='ltr'>pristinum</span> <span class='ocrx_word' id='word_1_110' title='bbox 759 2212 896 2274; x_wconf 66' lang='lat' dir='ltr'>lieential</span> 
     </span>
    </p>

    <p class='ocr_par' dir='ltr' id='par_1_8' title="bbox 226 2291 902 2452">
     <span class='ocr_line' id='line_1_21' title="bbox 227 2291 902 2384; baseline 0.004 -34"><span class='ocrx_word' id='word_1_111' title='bbox 227 2291 311 2351; x_wconf 88' lang='lat' dir='ltr'>Hinc</span> <span class='ocrx_word' id='word_1_112' title='bbox 332 2291 518 2372; x_wconf 84' lang='lat' dir='ltr'>conspiratis</span> <span class='ocrx_word' id='word_1_113' title='bbox 543 2293 717 2353; x_wconf 82' lang='lat' dir='ltr'>sectionum</span> <span class='ocrx_word' id='word_1_114' title='bbox 737 2291 902 2384; x_wconf 83' lang='lat' dir='ltr'>partibus,</span> 
     </span>
     <span class='ocr_line' id='line_1_22' title="bbox 226 2370 885 2452; baseline 0.002 -23"><span class='ocrx_word' id='word_1_115' title='bbox 226 2370 345 2431; x_wconf 80' lang='lat' dir='ltr'>Arcem</span> <span class='ocrx_word' id='word_1_116' title='bbox 364 2383 513 2450; x_wconf 80' lang='lat' dir='ltr'>tyrannus</span> <span class='ocrx_word' id='word_1_117' title='bbox 535 2383 673 2452; x_wconf 88' lang='lat' dir='ltr'>occupat</span> <span class='ocrx_word' id='word_1_118' title='bbox 692 2372 885 2432; x_wconf 80' lang='lat' dir='ltr'>Pisistratus.</span> 
     </span>
    </p>

    <p class='ocr_par' dir='ltr' id='par_1_9' title="bbox 227 2449 964 2591">
     <span class='ocr_line' id='line_1_23' title="bbox 227 2449 964 2591; baseline 0.003 -83"><span class='ocrx_word' id='word_1_119' title='bbox 227 2450 337 2591; x_wconf 48' lang='lat' dir='ltr'>qvuum</span> <span class='ocrx_word' id='word_1_120' title='bbox 357 2451 480 2511; x_wconf 90' lang='lat' dir='ltr'>tristem</span> <span class='ocrx_word' id='word_1_121' title='bbox 502 2452 690 2512; x_wconf 82' lang='lat' dir='ltr'>servitutem</span> <span class='ocrx_word' id='word_1_122' title='bbox 712 2449 829 2510; x_wconf 88' lang='lat' dir='ltr'>llerent</span> <span class='ocrx_word' id='word_1_123' title='bbox 851 2451 964 2528; x_wconf 86' lang='lat' dir='ltr'>Attici,</span> 
     </span>
    </p>

    <p class='ocr_par' dir='ltr' id='par_1_10' title="bbox 227 2530 1027 2616">
     <span class='ocr_line' id='line_1_24' title="bbox 227 2530 1027 2616; baseline 0.003 -26"><span class='ocrx_word' id='word_1_124' title='bbox 227 2533 242 2611; x_wconf 82' lang='lat'>(</span> <span class='ocrx_word' id='word_1_125' title='bbox 273 2551 314 2590; x_wconf 92' lang='lat' dir='ltr'>on</span> <span class='ocrx_word' id='word_1_126' title='bbox 334 2530 407 2612; x_wconf 87' lang='lat' dir='ltr'>quia</span> <span class='ocrx_word' id='word_1_127' title='bbox 429 2531 567 2591; x_wconf 89' lang='lat' dir='ltr'>crudelis</span> <span class='ocrx_word' id='word_1_128' title='bbox 588 2531 658 2609; x_wconf 88' lang='lat' dir='ltr'>ille,</span> <span class='ocrx_word' id='word_1_129' title='bbox 678 2531 735 2592; x_wconf 90' lang='lat' dir='ltr'>sed</span> <span class='ocrx_word' id='word_1_130' title='bbox 756 2531 905 2611; x_wconf 91' lang='lat' dir='ltr'>quoniam</span> <span class='ocrx_word' id='word_1_131' title='bbox 926 2550 1027 2616; x_wconf 80' lang='lat' dir='ltr'>grave</span> 
     </span>
    </p>
   </div>
   <div class='ocr_carea' id='block_1_6' title="bbox 225 2752 1266 3499">
    <p class='ocr_par' dir='ltr' id='par_1_11' title="bbox 225 2752 1266 3360">
     <span class='ocr_line' id='line_1_25' title="bbox 276 2752 1226 2824; baseline 0.004 -22"><span class='ocrx_word' id='word_1_132' title='bbox 276 2752 383 2816; x_wconf 77' lang='lat' dir='ltr'>Fabi,</span> <span class='ocrx_word' id='word_1_133' title='bbox 402 2769 429 2803; x_wconf 87' lang='lat' dir='ltr'>v.</span> <span class='ocrx_word' id='word_1_134' title='bbox 450 2755 474 2805; x_wconf 84' lang='lat'>3.</span> <span class='ocrx_word' id='word_1_135' title='bbox 484 2752 573 2822; x_wconf 79' lang='lat' dir='ltr'>fiiuee</span> <span class='ocrx_word' id='word_1_136' title='bbox 592 2755 661 2806; x_wconf 88' lang='lat' dir='ltr'>Cod.</span> <span class='ocrx_word' id='word_1_137' title='bbox 681 2756 753 2806; x_wconf 84' lang='lat' dir='ltr'>Rem.</span> <span class='ocrx_word' id='word_1_138' title='bbox 779 2755 918 2806; x_wconf 86' lang='lat' dir='ltr'>confirmat</span> <span class='ocrx_word' id='word_1_139' title='bbox 941 2756 1044 2805; x_wconf 84' lang='lat' dir='ltr'>Romul.</span> <span class='ocrx_word' id='word_1_140' title='bbox 1060 2752 1128 2824; x_wconf 67' lang='lat' dir='ltr'>fisce</span> <span class='ocrx_word' id='word_1_141' title='bbox 1156 2756 1226 2820; x_wconf 78' lang='lat' dir='ltr'>cod,</span> 
     </span>
     <span class='ocr_line' id='line_1_26' title="bbox 225 2820 1225 2891; baseline 0.007 -22"><span class='ocrx_word' id='word_1_142' title='bbox 225 2820 294 2870; x_wconf 89' lang='lat' dir='ltr'>Pith.</span> <span class='ocrx_word' id='word_1_143' title='bbox 314 2820 355 2868; x_wconf 81' lang='lat' dir='ltr'>Cf.</span> <span class='ocrx_word' id='word_1_144' title='bbox 374 2820 493 2872; x_wconf 81' lang='lat' dir='ltr'>Schwab.</span> <span class='ocrx_word' id='word_1_145' title='bbox 512 2849 547 2860; x_wconf 88' lang='lat'>-</span> <span class='ocrx_word' id='word_1_146' title='bbox 563 2841 592 2873; x_wconf 85' lang='lat' dir='ltr'>v.</span> <span class='ocrx_word' id='word_1_147' title='bbox 611 2826 635 2875; x_wconf 90' lang='lat'>5.</span> <span class='ocrx_word' id='word_1_148' title='bbox 654 2825 694 2872; x_wconf 89' lang='lat' dir='ltr'>lta</span> <span class='ocrx_word' id='word_1_149' title='bbox 712 2823 799 2872; x_wconf 93' lang='lat' dir='ltr'>Codd.</span> <span class='ocrx_word' id='word_1_150' title='bbox 813 2832 839 2873; x_wconf 86' lang='lat' dir='ltr'>et</span> <span class='ocrx_word' id='word_1_151' title='bbox 854 2824 956 2890; x_wconf 84' lang='lat' dir='ltr'>primae</span> <span class='ocrx_word' id='word_1_152' title='bbox 967 2822 1035 2872; x_wconf 88' lang='lat' dir='ltr'>Edd.</span> <span class='ocrx_word' id='word_1_153' title='bbox 1048 2841 1160 2891; x_wconf 85' lang='lat' dir='ltr'>eamque</span> <span class='ocrx_word' id='word_1_154' title='bbox 1170 2829 1225 2876; x_wconf 87' lang='lat' dir='ltr'>lec·</span> 
     </span>
     <span class='ocr_line' id='line_1_27' title="bbox 225 2888 1244 2956; baseline 0.006 -20"><span class='ocrx_word' id='word_1_155' title='bbox 225 2888 327 2937; x_wconf 89' lang='lat' dir='ltr'>tion&#39;em</span> <span class='ocrx_word' id='word_1_156' title='bbox 345 2895 439 2937; x_wconf 85' lang='lat' dir='ltr'>tuetur</span> <span class='ocrx_word' id='word_1_157' title='bbox 456 2890 534 2938; x_wconf 86' lang='lat' dir='ltr'>etiam</span> <span class='ocrx_word' id='word_1_158' title='bbox 551 2891 663 2940; x_wconf 86' lang='lat' dir='ltr'>Dosbill.</span> <span class='ocrx_word' id='word_1_159' title='bbox 683 2892 731 2942; x_wconf 87' lang='lat' dir='ltr'>esti</span> <span class='ocrx_word' id='word_1_160' title='bbox 753 2891 780 2938; x_wconf 96' lang='lat' dir='ltr'>in</span> <span class='ocrx_word' id='word_1_161' title='bbox 800 2892 856 2941; x_wconf 90' lang='lat' dir='ltr'>eius</span> <span class='ocrx_word' id='word_1_162' title='bbox 871 2890 940 2939; x_wconf 87' lang='lat' dir='ltr'>Edd.</span> <span class='ocrx_word' id='word_1_163' title='bbox 956 2892 1149 2956; x_wconf 78' lang='lat' dir='ltr'>alitcrlegitnr.</span> <span class='ocrx_word' id='word_1_164' title='bbox 1163 2891 1244 2942; x_wconf 82' lang='lat' dir='ltr'>vid.-</span> 
     </span>
     <span class='ocr_line' id='line_1_28' title="bbox 226 2953 1266 3026; baseline 0.007 -23"><span class='ocrx_word' id='word_1_165' title='bbox 226 2963 281 3004; x_wconf 88' lang='lat' dir='ltr'>not.</span> <span class='ocrx_word' id='word_1_166' title='bbox 300 2953 349 3002; x_wconf 84' lang='lat' dir='ltr'>Ed.</span> <span class='ocrx_word' id='word_1_167' title='bbox 368 2955 461 3019; x_wconf 81' lang='lat' dir='ltr'>Rigalt.</span> <span class='ocrx_word' id='word_1_168' title='bbox 471 2955 574 3023; x_wconf 80' lang='lat' dir='ltr'>fecisti</span> <span class='ocrx_word' id='word_1_169' title='bbox 596 2957 660 3007; x_wconf 77' lang='lat' dir='ltr'>milii</span> <span class='ocrx_word' id='word_1_170' title='bbox 675 2961 781 3026; x_wconf 81' lang='lat' dir='ltr'>Aquom</span> <span class='ocrx_word' id='word_1_171' title='bbox 804 2959 909 3007; x_wconf 79' lang='lat' dir='ltr'>sublata</span> <span class='ocrx_word' id='word_1_172' title='bbox 930 2975 997 3008; x_wconf 84' lang='lat' dir='ltr'>voce</span> <span class='ocrx_word' id='word_1_173' title='bbox 1024 2959 1115 3009; x_wconf 78' lang='lat' dir='ltr'>istoru.</span> <span class='ocrx_word' id='word_1_174' title='bbox 1135 2961 1224 3010; x_wconf 84' lang='lat' dir='ltr'>Burro.</span> <span class='ocrx_word' id='word_1_175' title='bbox 1263 2983 1266 2988; x_wconf 46' lang='lat'>¹</span> 
     </span>
     <span class='ocr_line' id='line_1_29' title="bbox 226 3021 1225 3090; baseline 0.007 -20"><span class='ocrx_word' id='word_1_176' title='bbox 226 3021 411 3072; x_wconf 67' lang='lat' dir='ltr'>ambulantum</span> <span class='ocrx_word' id='word_1_177' title='bbox 421 3021 523 3089; x_wconf 74' lang='lat' dir='ltr'>finisti</span> <span class='ocrx_word' id='word_1_178' title='bbox 537 3025 605 3075; x_wconf 85' lang='lat' dir='ltr'>mihi</span> <span class='ocrx_word' id='word_1_179' title='bbox 619 3027 703 3074; x_wconf 86' lang='lat' dir='ltr'>Istam</span> <span class='ocrx_word' id='word_1_180' title='bbox 721 3024 830 3074; x_wconf 83' lang='lat' dir='ltr'>bibenti.</span> <span class='ocrx_word' id='word_1_181' title='bbox 849 3025 901 3074; x_wconf 91' lang='lat' dir='ltr'>Alii</span> <span class='ocrx_word' id='word_1_182' title='bbox 920 3027 1005 3075; x_wconf 90' lang='lat' dir='ltr'>aliter.</span> <span class='ocrx_word' id='word_1_183' title='bbox 1023 3027 1080 3077; x_wconf 82' lang='lat' dir='ltr'>Nec</span> <span class='ocrx_word' id='word_1_184' title='bbox 1095 3043 1158 3076; x_wconf 82' lang='lat' dir='ltr'>vero</span> <span class='ocrx_word' id='word_1_185' title='bbox 1177 3036 1225 3090; x_wconf 85' lang='lat' dir='ltr'>est,</span> 
     </span>
     <span class='ocr_line' id='line_1_30' title="bbox 227 3088 1224 3155; baseline 0.006 -16"><span class='ocrx_word' id='word_1_186' title='bbox 227 3105 275 3140; x_wconf 88' lang='lat' dir='ltr'>eur</span> <span class='ocrx_word' id='word_1_187' title='bbox 293 3105 307 3138; x_wconf 87' lang='lat' dir='ltr'>a</span> <span class='ocrx_word' id='word_1_188' title='bbox 326 3088 413 3138; x_wconf 91' lang='lat' dir='ltr'>Codd.</span> <span class='ocrx_word' id='word_1_189' title='bbox 432 3092 601 3142; x_wconf 85' lang='lat' dir='ltr'>recedamus.</span> <span class='ocrx_word' id='word_1_190' title='bbox 620 3119 652 3130; x_wconf 91' lang='lat'><em>-</em></span> <span class='ocrx_word' id='word_1_191' title='bbox 670 3109 699 3142; x_wconf 88' lang='lat' dir='ltr'>v.</span> <span class='ocrx_word' id='word_1_192' title='bbox 722 3107 760 3144; x_wconf 85' lang='grc' dir='ltr'>ιο.</span> <span class='ocrx_word' id='word_1_193' title='bbox 779 3092 1078 3154; x_wconf 55' lang='lat' dir='ltr'>directionemque,</span> <span class='ocrx_word' id='word_1_194' title='bbox 1097 3095 1148 3155; x_wconf 82' lang='lat' dir='ltr'>nit,</span> <span class='ocrx_word' id='word_1_195' title='bbox 1167 3112 1224 3145; x_wconf 78' lang='lat' dir='ltr'>uzn-</span> 
     </span>
     <span class='ocr_line' id='line_1_31' title="bbox 227 3151 1223 3227; baseline 0.006 -21"><span class='ocrx_word' id='word_1_196' title='bbox 227 3157 250 3206; x_wconf 85' lang='lat' dir='ltr'>le</span> <span class='ocrx_word' id='word_1_197' title='bbox 269 3151 368 3206; x_wconf 69' lang='lat' dir='ltr'>dixisti</span> <span class='ocrx_word' id='word_1_198' title='bbox 382 3156 452 3206; x_wconf 85' lang='lat' dir='ltr'>miln&#39;.</span> <span class='ocrx_word' id='word_1_199' title='bbox 472 3159 541 3209; x_wconf 90' lang='lat' dir='ltr'>Cod.</span> <span class='ocrx_word' id='word_1_200' title='bbox 561 3158 629 3209; x_wconf 89' lang='lat' dir='ltr'>Pith.</span> <span class='ocrx_word' id='word_1_201' title='bbox 651 3170 681 3208; x_wconf 84' lang='lat' dir='ltr'>at</span> <span class='ocrx_word' id='word_1_202' title='bbox 699 3159 768 3209; x_wconf 91' lang='lat' dir='ltr'>Cod.</span> <span class='ocrx_word' id='word_1_203' title='bbox 790 3161 863 3211; x_wconf 80' lang='lat' dir='ltr'>Rem.</span> <span class='ocrx_word' id='word_1_204' title='bbox 880 3176 931 3227; x_wconf 94' lang='lat' dir='ltr'>pro</span> <span class='ocrx_word' id='word_1_205' title='bbox 943 3161 1223 3213; x_wconf 84' lang='lat' dir='ltr'>aittesteDesbill.in</span> 
     </span>
     <span class='ocr_line' id='line_1_32' title="bbox 226 3223 1223 3291; baseline 0.008 -17"><span class='ocrx_word' id='word_1_206' title='bbox 226 3225 295 3274; x_wconf 86' lang='lat' dir='ltr'>notis</span> <span class='ocrx_word' id='word_1_207' title='bbox 308 3223 370 3272; x_wconf 90' lang='lat' dir='ltr'>Vid.</span> <span class='ocrx_word' id='word_1_208' title='bbox 390 3224 467 3274; x_wconf 81' lang='lat' dir='ltr'>inira.</span> <span class='ocrx_word' id='word_1_209' title='bbox 482 3227 599 3291; x_wconf 87' lang='lat' dir='ltr'>Locum,</span> <span class='ocrx_word' id='word_1_210' title='bbox 617 3235 647 3276; x_wconf 90' lang='lat' dir='ltr'>ut</span> <span class='ocrx_word' id='word_1_211' title='bbox 665 3244 713 3277; x_wconf 88' lang='lat' dir='ltr'>nos</span> <span class='ocrx_word' id='word_1_212' title='bbox 732 3227 872 3290; x_wconf 84' lang='lat' dir='ltr'>dedimus,</span> <span class='ocrx_word' id='word_1_213' title='bbox 890 3236 976 3277; x_wconf 83' lang='lat' dir='ltr'>metro</span> <span class='ocrx_word' id='word_1_214' title='bbox 995 3229 1152 3280; x_wconf 85' lang='lat' dir='ltr'>subveniens</span> <span class='ocrx_word' id='word_1_215' title='bbox 1167 3246 1223 3282; x_wconf 83' lang='lat' dir='ltr'>res-</span> 
     </span>
     <span class='ocr_line' id='line_1_33' title="bbox 226 3290 1189 3360; baseline 0.005 -18"><span class='ocrx_word' id='word_1_216' title='bbox 226 3292 298 3342; x_wconf 87' lang='lat' dir='ltr'>tituit</span> <span class='ocrx_word' id='word_1_217' title='bbox 316 3290 430 3339; x_wconf 84' lang='lat' dir='ltr'>Gudius.</span> <span class='ocrx_word' id='word_1_218' title='bbox 449 3321 482 3332; x_wconf 93' lang='lat'><em>-</em></span> <span class='ocrx_word' id='word_1_219' title='bbox 500 3311 528 3343; x_wconf 87' lang='lat' dir='ltr'>v.</span> <span class='ocrx_word' id='word_1_220' title='bbox 551 3310 589 3343; x_wconf 72' lang='grc' dir='ltr'>ια.</span> <span class='ocrx_word' id='word_1_221' title='bbox 605 3295 723 3344; x_wconf 82' lang='lat' dir='ltr'>Hercule</span> <span class='ocrx_word' id='word_1_222' title='bbox 739 3296 855 3346; x_wconf 84' lang='lat' dir='ltr'>restitnit</span> <span class='ocrx_word' id='word_1_223' title='bbox 874 3295 968 3360; x_wconf 81' lang='lat' dir='ltr'>Rigalt.</span> <span class='ocrx_word' id='word_1_224' title='bbox 985 3295 1075 3346; x_wconf 88' lang='lat' dir='ltr'>Codd.</span> <span class='ocrx_word' id='word_1_225' title='bbox 1092 3295 1189 3347; x_wconf 81' lang='lat' dir='ltr'>hercle.</span> 
     </span>
    </p>

    <p class='ocr_par' dir='ltr' id='par_1_12' title="bbox 226 3357 1222 3499">
     <span class='ocr_line' id='line_1_34' title="bbox 280 3357 1222 3428; baseline 0.011 -22"><span class='ocrx_word' id='word_1_226' title='bbox 280 3357 346 3406; x_wconf 86' lang='lat' dir='ltr'>Fab.</span> <span class='ocrx_word' id='word_1_227' title='bbox 366 3357 406 3420; x_wconf 85' lang='grc' dir='ltr'>ΙΙ,</span> <span class='ocrx_word' id='word_1_228' title='bbox 425 3374 454 3407; x_wconf 85' lang='lat' dir='ltr'>v.</span> <span class='ocrx_word' id='word_1_229' title='bbox 473 3357 498 3424; x_wconf 75' lang='grc'>4.</span> <span class='ocrx_word' id='word_1_230' title='bbox 513 3361 566 3410; x_wconf 85' lang='lat' dir='ltr'>Hic</span> <span class='ocrx_word' id='word_1_231' title='bbox 579 3377 629 3428; x_wconf 91' lang='lat' dir='ltr'>pro</span> <span class='ocrx_word' id='word_1_232' title='bbox 644 3360 708 3412; x_wconf 78' lang='lat' dir='ltr'>brito</span> <span class='ocrx_word' id='word_1_233' title='bbox 718 3364 807 3412; x_wconf 85' lang='lat' dir='ltr'>lleins.</span> <span class='ocrx_word' id='word_1_234' title='bbox 821 3379 835 3411; x_wconf 90' lang='lat' dir='ltr'>e</span> <span class='ocrx_word' id='word_1_235' title='bbox 847 3364 965 3427; x_wconf 80' lang='lat' dir='ltr'>margine</span> <span class='ocrx_word' id='word_1_236' title='bbox 980 3361 1048 3412; x_wconf 85' lang='lat' dir='ltr'>Cocl.</span> <span class='ocrx_word' id='word_1_237' title='bbox 1064 3364 1133 3413; x_wconf 88' lang='lat' dir='ltr'>Pith.</span> <span class='ocrx_word' id='word_1_238' title='bbox 1143 3365 1222 3416; x_wconf 86' lang='lat' dir='ltr'>Bent-</span> 
     </span>
     <span class='ocr_line' id='line_1_35' title="bbox 226 3427 1222 3499; baseline 0.005 -22"><span class='ocrx_word' id='word_1_239' title='bbox 226 3427 279 3478; x_wconf 82' lang='lat' dir='ltr'>leio</span> <span class='ocrx_word' id='word_1_240' title='bbox 299 3432 436 3491; x_wconf 87' lang='lat' dir='ltr'>sequente.</span> <span class='ocrx_word' id='word_1_241' title='bbox 453 3453 488 3464; x_wconf 94' lang='lat'>—</span> <span class='ocrx_word' id='word_1_242' title='bbox 505 3429 673 3495; x_wconf 81' lang='lat' dir='ltr'>conspiratis</span> <span class='ocrx_word' id='word_1_243' title='bbox 692 3430 733 3478; x_wconf 81' lang='lat' dir='ltr'>Cf.</span> <span class='ocrx_word' id='word_1_244' title='bbox 745 3428 855 3478; x_wconf 87' lang='lat' dir='ltr'>Desbill.</span> <span class='ocrx_word' id='word_1_245' title='bbox 865 3458 898 3468; x_wconf 95' lang='lat'><em>-</em></span> <span class='ocrx_word' id='word_1_246' title='bbox 912 3447 940 3479; x_wconf 85' lang='lat' dir='ltr'>v.</span> <span class='ocrx_word' id='word_1_247' title='bbox 955 3445 968 3494; x_wconf 86' lang='lat'><strong>7</strong></span> <span class='ocrx_word' id='word_1_248' title='bbox 983 3438 1008 3479; x_wconf 91' lang='lat' dir='ltr'>et</span> <span class='ocrx_word' id='word_1_249' title='bbox 1018 3431 1043 3479; x_wconf 89' lang='grc'>8.</span> <span class='ocrx_word' id='word_1_250' title='bbox 1057 3431 1145 3480; x_wconf 90' lang='lat' dir='ltr'>Codd.</span> <span class='ocrx_word' id='word_1_251' title='bbox 1154 3449 1222 3499; x_wconf 74' lang='lat' dir='ltr'>gru·</span> 
     </span>
    </p>
   </div>
   <div class='ocr_carea' id='block_1_7' title="bbox 147 3492 1222 3563">
    <p class='ocr_par' dir='ltr' id='par_1_13' title="bbox 147 3492 1222 3563">
     <span class='ocr_line' id='line_1_36' title="bbox 147 3492 1222 3563; baseline 0.004 -18"><span class='ocrx_word' id='word_1_252' title='bbox 147 3507 152 3516; x_wconf 86' lang='lat'><strong><em>¹</em></strong></span> <span class='ocrx_word' id='word_1_253' title='bbox 228 3495 264 3546; x_wconf 65' lang='lat' dir='ltr'>tus</span> <span class='ocrx_word' id='word_1_254' title='bbox 283 3492 391 3544; x_wconf 77' lang='lat' dir='ltr'>otuirino</span> <span class='ocrx_word' id='word_1_255' title='bbox 407 3492 509 3530; x_wconf 64' lang='lat'>1&#39;11-‘112&#39;1&#39;</span> <span class='ocrx_word' id='word_1_256' title='bbox 524 3511 606 3546; x_wconf 68' lang='lat' dir='ltr'>“ntus</span> <span class='ocrx_word' id='word_1_257' title='bbox 623 3506 672 3549; x_wconf 85' lang='lat' dir='ltr'>est.</span> <span class='ocrx_word' id='word_1_258' title='bbox 691 3495 911 3548; x_wconf 80' lang='lat' dir='ltr'>Plurimae·Edd.</span> <span class='ocrx_word' id='word_1_259' title='bbox 929 3511 1017 3563; x_wconf 77' lang='lat' dir='ltr'>grove</span> <span class='ocrx_word' id='word_1_260' title='bbox 1036 3498 1153 3549; x_wconf 83' lang='lat' dir='ltr'>Omnino</span> <span class='ocrx_word' id='word_1_261' title='bbox 1178 3500 1222 3549; x_wconf 86' lang='lat' dir='ltr'>in·</span> 
     </span>
    </p>
   </div>
   <div class='ocr_carea' id='block_1_8' title="bbox 0 0 1344 3978">
    <p class='ocr_par' dir='ltr' id='par_1_14' title="bbox 0 0 1344 3978">
     <span class='ocr_line' id='line_1_37' title="bbox 0 0 1344 3978; baseline 0 1"><span class='ocrx_word' id='word_1_262' title='bbox 0 0 1344 3978; x_wconf 95' lang='lat' dir='ltr'> </span> 
     </span>
    </p>
   </div>
  </div>
 </body>
</html>
