2610 4002
375 525 485 568 noran
509 497 552 568 dn
574 487 764 569 russonum.
1023 511 1062 593 93

203 669 346 726 Ferteciti
367 671 483 733 istrum,
499 669 560 720 date
577 671 645 733 tela,
667 665 786 720 scandite
805 685 903 720 muros.

73 736 173 786 Similia
199 736 270 804 apud
294 736 430 789 Catullum
453 747 480 787 et
499 740 564 788 alios
590 745 684 806 poetas
710 737 826 804 optimos
856 743 977 810 exempla
1002 749 1063 794 tunt

70 804 284 871 quamplurima.
302 807 396 858 Dicam
415 814 528 869 tantum,
547 807 693 856 suaviorem
712 821 768 856 esse
792 818 923 859 nunerum
941 807 1062 862 huiusce·

72 873 162 937 modi,
180 889 259 940 quam
277 875 299 924 si
313 891 406 926 rocem
419 875 496 926 litera
509 881 674 926 consonante
689 874 806 926 clausam
819 873 887 928 duae
898 891 988 930 rursus
996 893 1062 930 con·

70 949 192 992 sonantes
211 943 354 1012 excipiunt.
808 968 811 980 ·

365 1125 367 1132 ,
448 1089 525 1152 Feb.
547 1089 569 1150 1.
590 1088 630 1156 V.
650 1106 679 1150 a.

70 1210 157 1262 Locus
175 1209 219 1260 hic
236 1211 317 1280 paulo
335 1218 375 1261 est
392 1210 556 1261 intricatior:
584 1225 600 1260 a
620 1225 674 1275 quo
694 1210 773 1261 etiam
791 1207 950 1277 explicando
964 1209 1062 1261 abhor-

69 1281 151 1329 ruisse
168 1277 293 1328 videntur
308 1277 432 1347 plerique
448 1278 620 1345 interpretes:
650 1279 754 1328 nullum
778 1287 851 1330 certe
867 1278 944 1344 scio,
968 1278 1013 1345 qui
1034 1277 1064 1330 id

69 1347 238 1414 praestiterit.
274 1347 333 1397 Sive
348 1347 438 1412 legas,
457 1353 488 1395 ut
505 1345 613 1416 quidam
634 1348 741 1400 volunt:
1036 1378 1038 1381 v

201 1413 297 1466 Adhuc
318 1414 421 1466 salerna
438 1414 528 1477 faece,
550 1429 566 1464 c
584 1421 653 1466 testu
668 1416 770 1468 nobili:

69 1485 134 1553 sive,
153 1491 182 1532 ut
201 1483 320 1533 Bentleio
339 1484 445 1550 placet:

204 1549 301 1601 Adhuc
318 1550 420 1601 salerna
438 1566 453 1602 e
469 1549 545 1602 faece
564 1557 592 1602 et
609 1558 678 1602 testa
695 1549 792 1603 nobili:
1046 1607 1048 1614 ,

69 1619 150 1670 nihilo
173 1619 280 1687 planior
301 1619 353 1668 erit
370 1618 515 1670 sententia:
539 1626 574 1670 et.
586 1617 740 1670 Bentleiana
758 1617 866 1684 quidem
883 1618 967 1669 lectio
989 1631 1068 1672 cum·'

70 1689 128 1739 dem
146 1703 254 1737 sensum
272 1685 394 1751 exhibet,
413 1702 445 1738 ac
461 1687 578 1752 vulgata,
594 1688 622 1735 in
639 1701 691 1753 qua
707 1686 1059 1753 praepositioesacilesub-

70 1756 182 1807 auditur.
219 1754 254 1804 Aa
271 1753 415 1823 amphora,
439 1762 468 1806 st
488 1761 556 1804 testa
572 1768 631 1805 rem
646 1768 756 1822 prorsus
774 1753 895 1803 eamdem
914 1754 1064 1818 significare

70 1824 167 1876 docent
185 1838 276 1876 omnes
289 1823 381 1874 Critici
400 1821 644 1890 etLexicographi:
662 1820 799 1888 quomodo
815 1836 878 1887 ergo
892 1821 978 1888 prima
993 1822 1063 1872 odo·
1083 1867 1087 1873 ,

69 1907 121 1943 rem
141 1907 173 1943 ex
191 1891 276 1944 ultera
291 1905 416 1960 spargere
433 1889 488 1942 dici
508 1881 616 1959 potest?
632 1890 705 1941 Talis
722 1889 851 1957 loquendi
869 1888 984 1939 formula
995 1905 1062 1958 pro·

69 1960 204 2012 habilitate
222 1968 340 2023 careret,
358 1959 409 2010 nisi
426 1959 551 2010 Horatius
569 1960 720 2029 exemplum
732 1956 785 2008 hoc
797 1972 853 2008 non
867 1955 990 2010 'absimile
1000 1957 1067 2011 Lib.
1135 1961 1137 1970 ’

70 2029 93 2084 3.
112 2029 158 2082 od.
178 2024 217 2092 14.
234 2046 257 2078 v.
279 2042 318 2093 17.
339 2025 535 2094 suppeditaret:

202 2095 228 2160 l,
247 2104 309 2165 pete
325 2104 503 2162 unguentum,
525 2111 610 2165 puer,
629 2103 655 2148 et
671 2108 801 2161 coronat,

200 2165 234 2215 Et
249 2163 344 2216 cadum
360 2165 441 2214 Marsi
459 2181 606 2217 memorem
623 2159 721 2230 duelli,
768 2178 770 2181 ’

189 2233 360 2304 Spartacum
370 2232 397 2294 ¹si
415 2249 468 2303 qua
484 2235 574 2304 potuit
591 2241 729 2302 vagantem

430 2301 526 2356 fallere
544 2311 620 2355 testa.
698 2351 703 2359 χ

70 2369 105 2420 lbi
125 2368 195 2420 enim
208 2372 247 2422 sic
264 2369 435 2438 explicandus
454 2372 500 2422 ille
519 2379 568 2436 est,
587 2381 713 2440 tanquam
729 2369 848 2425 dixisset:
867 2369 942 2422 Affer
955 2370 1061 2438 cadum,

70 2441 86 2488 si
105 2439 165 2506 quis
183 2445 273 2488 tamen
291 2437 373 2488 cadus
390 2446 459 2490 testa
476 2455 522 2488 sua
535 2441 625 2506 potuit
634 2441 793 2508 Spartacum
807 2441 910 2491 tallere.
930 2438 983 2489 Sed
994 2448 1083 2490 teste‘

71 2516 93 2556 et
109 2505 191 2558 cadus
205 2521 260 2555 non
273 2505 355 2570 magis
367 2506 465 2556 interse
482 2505 624 2568 differunt,
640 2523 719 2574 quam
732 2514 801 2568 testa
816 2514 842 2558 et
853 2503 991 2572 amphora.
1008 2507 1061 2556 llo-

71 2577 149 2626 ratius
166 2575 246 2641 igitur
264 2571 347 2637 cado,
365 2571 502 2624 Phaedrus
518 2571 646 2640 amphora
667 2589 819 2630 mensuram
838 2573 905 2635 vini,
930 2579 998 2622 testa
1014 2589 1061 2623 au-

71 2649 120 2694 tem
137 2651 249 2710 uterque
266 2641 444 2694 communiter
456 2643 522 2694 vasis
534 2642 672 2691 materiam
685 2640 833 2706 significare
847 2641 989 2690 voluerint.
1010 2641 1061 2690 Ca.

72 2709 115 2762 dus
134 2711 206 2762 enim
225 2718 252 2761 et
270 2709 398 2778 amphora
416 2726 477 2766 vasa
492 2717 555 2761 sunt
571 2709 696 2777 quidem,
713 2718 816 2777 atquae
830 2714 931 2760 certam
946 2708 999 2758 vini
1013 2725 1062 2759 co-

72 2779 137 2844 piam
154 2779 324 2831 contineant:
343 2787 411 2830 testa
427 2794 550 2838 veroyvas
570 2785 625 2843 est,
644 2777 719 2830 cuius
740 2793 865 2829 mensura
885 2776 958 2826 nulla
970 2778 1068 2842 ,assigq

73 2857 152 2902 natur.
187 2847 281 2915 Itaque
297 2847 377 2898 verba
393 2847 518 2898 Auctoris
534 2847 620 2897 nostri
638 2847 678 2898 sic
694 2847 820 2915 explicari
839 2851 966 2914 possunt:
987 2844 1062 2895 Anus

74 2914 154 2968 iacere
170 2915 236 2968 vidit
250 2930 376 2979 vacuam,
397 2924 479 2984 epoto
497 2916 559 2966 rino
579 2916 697 2982 salerno,
721 2913 892 2982 amphoram,
910 2913 985 2963 cuius
1003 2912 1063 2966 sacr

74 2989 97 3030 et
112 2991 195 3051 testa,
216 2983 245 3036 id
263 2990 317 3047 est,
335 2983 412 3036 cuins
431 2984 511 3036 costis
527 2984 588 3037 faex
600 2983 799 3036 ‘adhaerescens
822 2979 933 3032 odorem
950 2982 1003 3032 late
1020 2981 1061 3030 iu·

73 3051 183 3103 cundum
207 3051 241 3103 ad
263 3050 316 3103 huc
341 3060 487 3120 spargeret.
531 3053 706 3120 Quanquam,
732 3061 764 3102 ut
785 3051 898 3116 ingenue
927 3049 1063 3117 proferam

74 3133 134 3184 quae
152 3120 216 3171 mihi
233 3127 362 3174 venerunt
378 3120 405 3170 in
419 3128 546 3184 mentem,
565 3128 593 3170 et
611 3119 666 3187 hic,
685 3129 712 3172 et
730 3119 801 3188 apud
818 3117 967 3181 Horatium,
983 3124 1061 3180 testa,

74 3184 137 3239 torte
155 3187 220 3238 nihil
240 3189 314 3240 aliud
330 3197 385 3253 est,
403 3188 484 3256 quam
503 3189 661 3256 operculum
678 3190 731 3240 sive
751 3187 827 3252 cadi,
845 3187 898 3236 sive
907 3185 1061 3253 amphorae,

74 3257 196 3318 peculiari
214 3258 286 3308 attrin
306 3273 339 3308 uc
358 3265 422 3308 nota
439 3257 606 3324 insignitum:
632 3257 669 3306 ita
686 3265 718 3307 ut
732 3265 798 3307 nota
816 3253 876 3307 cadi
894 3255 963 3306 male
981 3255 1060 3304 intel·

75 3319 136 3374 lecta
155 3323 279 3392 decipere
335 3333 453 3376 artacum
470 3333 575 3392 posset,
593 3324 737 3394 amphorae
757 3334 845 3375 autem
859 3320 971 3374 odorem
984 3336 1061 3388 spar-

76 3401 142 3459 geret
160 3409 174 3444 e
192 3392 268 3444 faece
287 3343 376 3445 adhuc
391 3393 507 3457 recenti,
527 3401 553 3444 et
572 3409 604 3446 ex
622 3395 767 3462 operculo,
785 3389 872 3460 quod,
890 3391 955 3452 licet
966 3390 1060 3440 effrac-

77 3460 139 3524 tum,
157 3460 360 3532 abiectumque,
380 3460 467 3512 adhuc
485 3470 574 3512 tamen
591 3459 723 3513 offerebat
741 3460 871 3527 insignem
888 3459 1009 3522 titulum,
1033 3463 1061 3507 et

78 3524 206 3580 exhalabat
222 3528 310 3579 fumos
334 3525 447 3597 liquoris
466 3530 575 3600 optimi,
603 3546 670 3598 quos
689 3529 735 3582 diu
759 3524 934 3579 combiberat.
967 3527 1060 3592 Neque

79 3593 142 3646 nulla
158 3597 286 3648 sileretur
297 3613 312 3648 a
322 3597 402 3649 nobis
420 3600 505 3665 ratio,
523 3612 571 3664 cur
589 3606 672 3653 testae
687 3596 846 3666 significatio
859 3595 919 3646 talis
932 3608 1058 3671 eascpos·
1083 3601 1086 3606 '
