2610 4002
230 429 270 515 96
529 445 640 490 noran
661 446 705 488 an
726 444 919 491 rumenam.

364 624 542 646 .....
566 587 654 655 ‘Non,
671 589 693 640 ei
711 587 776 657 quid
792 587 900 641 turbida
917 587 1001 640 llome

253 704 255 710 .
277 683 279 688 ·
361 659 469 724 Elevet,
485 657 607 710 accedas.

227 729 274 782 uhi
291 724 437 778 doctissimi
456 727 555 794 quique
572 727 748 792 interpretes,
767 723 947 788 Friechlinue‚
966 724 1151 794 Valentinus,
1175 731 1230 781 Lu-

228 800 319 860 binus',
339 797 473 864 accipiunt
485 794 566 845 elevet
580 810 630 862 pro
645 803 814 854 contemnat,
825 789 1026 862 parvipendat,
1033 795 1232 865 floccifizciat.

228 869 386 933 Quanquam
404 863 523 927 fatebor,
539 865 657 913 veterem
674 862 758 914 Persii
775 862 966 929 interpretem,
985 870 1090 914 notasse
1102 865 1143 914 ad
1157 865 1232 916 hunc

227 937 335 996 locum,
352 933 434 982 verbo
451 930 554 980 elevare
570 946 648 1000 posse
665 931 696 979 ira
712 929 796 981 altam
809 928 938 979 extollere
956 929 1108 995 significari.
1127 935 1232 1000 Neque

227 1004 304 1054 aliter
319 1001 398 1052 sensit
416 998 576 1064 Agroetius,
601 998 648 1066 qui
664 998 748 1048 Libro
766 996 801 1048 de
823 995 1034 1064 orthographia:
1062 998 1231 1065 etaemus,

138 1061 144 1074 '
227 1069 329 1138 inquit,
349 1069 467 1137 quaein
489 1067 574 1131 altum
595 1065 757 1119 extollimus.
794 1066 884 1132 Atque
903 1065 1001 1116 Caesar
1022 1063 1056 1116 de
1073 1067 1155 1118 Bello
1178 1071 1229 1120 civ.

226 1139 287 1190 Lib.
305 1153 329 1188 a.
350 1153 409 1205 cap.
426 1151 449 1201 9
471 1145 603 1205 quantam
613 1133 773 1186 Stoi-earam
789 1132 915 1184 demissio
922 1132 1099 1251 patiebatur,
1111 1145 1229 1188 tantam

226 1205 377 1258 elevabant:
394 1203 492 1264 idest,
510 1201 697 1268 Extollebant,
715 1211 746 1253 ut
762 1202 903 1270 superiora
941 1209 1113 1257 emonetrent.
1143 1205 1228 1256 Unde

226 1291 315 1327 veram
332 1275 441 1325 fortasse
453 1269 598 1322 verborum
611 1269 727 1324 Phaedri
741 1271 889 1344 lectionem
902 1268 971 1322 hane
984 1285 1042 1322 esse
1052 1271 1227 1324 concluden-

226 1341 291 1394 dum
312 1349 412 1457 cased
427 1403 576 1454 fabulosam
595 1419 628 1454 ne
646 1410 802 1458 vetustatem
820 1405 937 1458 elevem:

225 1477 253 1529 id
280 1484 334 1541 est,
353 1474 492 1538 extollam,
511 1472 714 1542 venditemque,
732 1474 807 1542 quasi
831 1472 954 1542 dignam,
973 1489 1042 1543 quae
1059 1472 1226 1528 adhibeatur

225 1546 259 1598 ad
280 1547 417 1598 veritatem
435 1540 673 1611 comprobandam.
703 1570 707 1575 ·

445 1687 524 1751 Fah.
543 1689 583 1752 X.
609 1686 721 1772 V.13.
745 1684 894 1747 mentitus
914 1685 1002 1750 foret

224 1796 252 1848 id
267 1804 316 1860 eet,
331 1794 432 1846 fuisset.
450 1792 521 1844 Vide
538 1801 594 1844 not.
613 1792 647 1843 ad
664 1793 736 1844 Prol.
759 1791 837 1843 huius
854 1791 938 1859 Libri,
954 1811 977 1844 r.
993 1792 1035 1844 28.
1058 1791 1089 1844 ln
1105 1793 1158 1846 hoc
1168 1810 1221 1846 au-

222 1875 278 1918 tem
296 1880 372 1915 versu
394 1879 445 1931 pro
470 1877 546 1924 cam,
570 1860 645 1929 quod
666 1860 808 1928 legendum
828 1863 932 1926 censui,
951 1859 1172 1928 Rittershusium,
1193 1873 1221 1916 et

223 1935 290 1984 alios
306 1940 429 1995 secutus,
445 1928 521 1992 dam,
557 1928 613 1980 uod
627 1928 728 1982 habent
737 1931 802 1982 Mes.
815 1928 945 1995 Codices,
961 1931 1071 1981 retineri
1082 1927 1153 1982 sorte
1165 1949 1219 2000 po·

222 2009 304 2054 terat:
319 2017 381 2050 nam
396 1999 500 2049 Servius
519 1946 556 2050 ad
570 1999 664 2064 Virgil.
684 1997 751 2050 Aen.
765 1995 827 2049 Lib.
848 2015 870 2048 1.
882 2015 907 2051 r.
924 2012 981 2064 70¹·
1000 1996 1155 2062 Sciendum,
1176 2001 1216 2051 iu·

163 2090 167 2097 ¹
197 2077 202 2092 ³
219 2070 298 2135 quit,
314 2066 386 2119 molo
402 2081 499 2118 errore
518 2082 577 2117 own
593 2075 620 2116 ct
632 2063 696 2118 dam
710 2081 728 2116 a
739 2063 870 2118 nomana
886 2084 945 2118 essa
961 2065 1087 2136 ootpsaea.

471 2208 549 2270 Feb·
570 2208 654 2274 XIV·
674 2210 715 2278 V·
740 2229 786 2274 aa.
807 2214 852 2277 sic
872 2215 961 2276 lusus

223 2317 291 2370 Cum
309 2315 466 2368 Lectionem
483 2314 552 2365 hanc
569 2315 742 2385 manuscripti
762 2316 876 2370 Codices
894 2316 1047 2384 exhibeant;
1065 2333 1155 2370 aeneus
1166 2334 1212 2370 au·

222 2395 277 2440 tem
293 2385 329 2436 sit
344 2385 475 2454 optimus,
487 2383 581 2442 ,oratio
600 2383 696 2450 latina,
714 2401 856 2454 versusque
873 2401 929 2437 non
945 2387 1134 2439 inconcinnus:
1152 2389 1213 2438 nul-

222 2456 276 2506 lam
293 2461 366 2506 certe
383 2451 460 2505 video
479 2468 599 2518 causam,
623 2468 671 2504 cur
690 2452 824 2522 Guyetus,
845 2455 1023 2518 Burmannus,
1042 2455 1213 2521 iloogetrata·
1236 2469 1239 2474 ·

221 2541 287 2590 nus,
313 2530 341 2574 et
364 2522 408 2573 alii
425 2520 508 2574 ludas
523 2537 574 2589 pro
600 2519 692 2583 lusus,
713 2531 792 2590 atque
810 2520 894 2592 debet¹
910 2538 962 2591 pro
981 2519 1078 2572 debent
1097 2538 1213 2590 repone-

220 2598 287 2643 r'ent.
324 2590 406 2656 Quod
427 2591 450 2642 si
466 2590 597 2656 iecerint,
615 2598 644 2640 ut
660 2590 762 2640 iambus
781 2589 902 2642 crebrior
921 2592 1060 2643 existeret:
1072 2598 1131 2642 ‘our
1149 2607 1214 2658 ergo

218 2661 280 2710 Lib.
301 2675 323 2710 r.
342 2658 398 2709 sah.
415 2657 441 2709 8.
458 2675 482 2707 v.
500 2671 524 2724 7.
543 2642 589 2708 ubi
607 2658 718 2724 legitur:
738 2656 858 2708 Tandem
870 2675 1004 2730 persuasa
1020 2669 1078 2707 est:
1095 2667 1213 2710 nonsta-

220 2730 269 2784 tim
284 2728 492 2797 rescripserunt:
519 2725 659 2777 Per-suasa
675 2723 783 2776 tandem
800 2725 862 2777 est?
886 2743 936 2779 cur
958 2727 1016 2777 aliie
1034 2727 1102 2778 locis
1117 2724 1212 2777 simili-

219 2796 270 2848 bus
286 2813 367 2914 opem
382 2794 494 2845 similem
508 2808 564 2844 non
581 2783 746 2844 attulerunt?
762 2794 799 2844 At
816 2794 939 2865 Phaedro
955 2792 1019 2864 quid
1035 2803 1133 2859 nutem,
1148 2795 1214 2863 quid

221 2873 284 2916 tunc
321 2853 400 2916 oret?
424 2861 530 2930 Ipsum,
549 2863 656 2914 cneius
674 2862 798 2914 umbram
814 2872 968 2918 nemorum
985 2862 1124 2918 homiuum
1147 2879 1213 2916 cou-

220 2933 328 2986 iecturit
351 2930 422 2983 vario
442 2944 593 3000 expressam
614 2921 793 2983 haberemur?

614 3077 744 3140 LIBER
767 3078 821 3147 IV·
865 3133 867 3140 .

327 3212 404 3275 Feb.
424 3210 508 3280 XIV.
532 3211 571 3280 V.
589 3211 618 3277 6.
637 3231 731 3295 pares
751 3224 878 3277 vestrae
900 3213 1096 3279 fortitudinis

218 3331 250 3384 ld
268 3338 316 3397 est,
332 3347 410 3401 poree
427 3338 516 3400 vestri,
533 3337 576 3390 vel
590 3336 666 3389 vohis
682 3336 849 3396 fortitudine.
867 3338 925 3388 Par
940 3357 1002 3392 cum
1013 3337 1134 3393 secundo
1147 3353 1211 3391 casu

218 3417 302 3469 aeque
310 3416 342 3451 ac
350 3400 449 3451 similia
456 3406 633 3472 coniungitur.
642 3405 749 3471 Cicero,
763 3407 839 3456 Oret.
847 3407 1015 3474 inPisonem,
1027 3423 1086 3475 cap.
1100 3404 1126 3472 4.
1135 3403 1210 3470 facto

218 3465 512 3536 a'na‘urr‘amsortiselrno
527 3474 585 3522 viro
600 3485 724 3534 mortuo,
741 3475 792 3543 qai
805 3471 897 3533 illata,
916 3477 994 3526 caius
1005 3492 1111 3546 paucos
1126 3492 1211 3543 perer

218 3535 391 3590 haeccivitas
399 3535 472 3599 tulit,
482 3553 541 3590 cam
549 3539 601 3590 hac
608 3540 765 3608 importuna
776 3538 863 3591 bellua
871 3541 1019 3611 confirm.
1028 3539 1127 3596 Nescio
1138 3541 1210 3594 unde
