2678 3978
434 482 499 526 utu.
519 467 551 543 1,
572 483 648 526 ras.
670 479 745 528 tt·-
762 485 806 526 n.
855 525 862 533 ,

487 647 512 664 ··
554 647 630 690 nau.
653 629 692 690 X.

335 761 446 812 LUPUS
465 763 511 814 ET
528 765 650 815 V'ULPIS
669 760 786 813 lUDICE
806 761 911 814 SIMIO.

120 873 314 974 Quicunque
335 874 422 955 turpi
442 873 556 938 fraude
580 875 678 937 semel
699 872 852 952 innotuit,

75 1019 80 1030 ,
120 955 253 1024 Etiamsi
276 975 388 1014 verum
412 954 506 1032 dicit,
530 956 644 1018 amittit
663 952 772 1018 fidem.

121 1037 197 1096 Hoo
219 1045 387 1095 attestatur
410 1033 518 1097 brevis
537 1030 660 1104 Aesdni
679 1034 796 1096 fabula.

161 1117 209 1175 Lu
234 1134 272 1174 us
297 1113 452 1195 arguebat
473 1118 603 1199 vulpem
626 1107 705 1176 l'urti
728 1114 875 1175 crimine:

119 1137 267 1278 Negalat
283 1193 356 1270 illa,
381 1213 415 1254 se
439 1215 511 1256 esse
534 1187 647 1279 eulpae
670 1196 855 1290 proximam.

121 1278 214 1336 Tune
235 1273 331 1334 iudex
355 1273 438 1334 inter
460 1275 533 1337 illos
555 1277 638 1338 sedit
659 1275 775 1336 simius.

120 1355 268 1440 Uterque
290 1372 416 1413 oausam
440 1357 539 1448 quoin
557 1368 764 1438 perorassent
783 1373 888 1430 suam,

119 1435 249 1496 Dixisse
271 1432 376 1494 fertur
396 1433 503 1494 simius
528 1434 729 1496 sententiam:

120 1517 176 1576 Tu
195 1535 258 1575 non
281 1511 398 1574 videris
422 1515 615 1594 perdidisse,
635 1513 726 1599 'quod
748 1514 847 1596 petis3

122 1597 174 1656 'l'e
195 1594 293 1656 credo
313 1593 521 1675 sum'puisse,
543 1596 631 1679 quod
650 1593 786 1676 pulchre
805 1612 911 1678 negas.

526 1730 724 1744 m

551 1851 627 1892 run.
649 1831 704 1893 Xl.
791 1866 805 1888 s

388 1966 510 2018 Asuus
529 1967 574 2019 nr
592 1966 662 2016 nno
681 1921 875 2016 vnuaurns

36 2143 39 2146 ,
126 2076 264 2139 Virtutis
288 2096 328 2138 ex
353 2100 421 2158 ers,
446 2078 555 2140 verbis
579 2078 698 2139 iactans
718 2078 867 2160 gloriam,

125 2159 258 2239 Ignotos
282 2100 378 2236 fallit,
403 2159 485 2221 notis
511 2171 560 2220 est
579 2158 709 2220 derisui.
755 2155 761 2166 '

169 2237 288 2299 Venari
309 2240 407 2300 asello
432 2239 549 2300 comite
570 2261 667 2322 quum
689 2236 789 2300 vellet
811 2236 883 2311 leo,

126 2317 281 2378 Contexit
301 2318 394 2378 illum.
410 2317 544 2395 frutice,
568 2333 600 2380 et
625 2316 788 2380 admonuit
809 2312 927 2396 simul,⁸

126 2397 185 2456 Ut·
197 2397 318 2458 insudta
341 2419 423 2459 voce
444 2411 584 2460 terreret
602 2399 703 2475 feras,

126 2477 305 2557 Fugientes
329 2479 397 2559 ipse
423 2477 596 2557 exciperet.
638 2478 701 2537 Hie
726 2474 881 2533 auritulus

130 2554 313 2618 Clamorem
334 2558 440 2619 subito
467 2557 542 2617 totis
566 2556 651 2619 tollit
674 2553 812 2630 viribus,

128 2638 291 2718 Novoque
313 2636 419 2696 turbat
438 2636 553 2698 bestias
574 2636 740 2698 miraculo.

100 2769 108 2774 .
130 2717 226 2802 Quae
248 2714 323 2776 dum
343 2727 496 2798 paventes
521 2718 622 2777 e'xitus
643 2729 736 2777 notos
756 2721 887 2792 petunt,

129 2795 250 2858 Leonis
274 2794 460 2878 affliguntur
482 2795 645 2858 horrendo
667 2801 800 2876 impetu.

131 2875 201 2962 Qui
219 2887 389 2958 postquam
409 2876 507 2936 caede
529 2875 632 2936 fessus
655 2889 721 2952 est,
745 2869 869 2931 asinum.
883 2877 1015 2943 evocat,

131 2955 291 3038 Iubetque
314 2975 428 3016 vocem
471 2975 608 3016 remere.
651 2959 741 3016 Tunc
763 2949 818 3008 ille
841 2947 993 3006 insolens:

132 3036 247 3121 Qualis
272 3034 400 3098 videtur
420 3035 443 3096 t'
468 3035 479 3093 i
499 3055 599 3116 opera
622 3035 702 3104 haec
726 3029 816 3094 vocis
831 3025 950 3086 aneae?
971 3060 1012 3071 -

134 3188 340 3203 ψ

187 3254 255 3304 Fat.
272 3253 320 3317 xl,
339 3268 369 3301 v.
387 3253 413 3304 6.
432 3251 473 3301 lta
493 3250 562 3302 Cod.
582 3250 684 3300 Daniel.
704 3247 757 3299 Sed
777 3245 844 3297 Cod.
869 3246 937 3296 Pith.
954 3243 1007 3292 Hic
1026 3242 1138 3291 astricu-

136 3326 180 3374 lus
199 3322 343 3372 clusuorem
360 3331 385 3369 et
404 3318 496 3371 subito
516 3319 588 3368 tollit
606 3319 670 3368 totis
690 3317 813 3375 viribus5
840 3314 911 3364 unde
928 3311 1037 3363 Desbill.
1058 3311 1138 3358 Auri·

137 3391 217 3443 culus
232 3390 277 3440 laic
296 3400 321 3436 et
337 3389 485 3437 Clamorem
504 3387 594 3436 subito
610 3385 683 3434 tollit
695 3385 760 3434 totis
778 3381 886 3432 viribus.
900 3407 935 3418 -
957 3395 986 3428 v.
1009 3391 1047 3429 to.
1067 3377 1138 3440 affli-

136 3469 249 3526 genitur
266 3457 335 3506 Cod.
354 3457 457 3505 Daniel.
476 3453 639 3521 efficiuntur
659 3451 747 3502 Codd.
763 3449 833 3499 Pith.
853 3449 1022 3524 0111151112-
1048 3461 1077 3492 v.
1101 3459 1137 3492 tt.

139 3527 283 3586 Omittitur
302 3533 341 3575 est
360 3525 389 3573 in
406 3521 474 3574 Cod.
493 3522 561 3574 Pith.
580 3551 613 3562 -
638 3535 667 3570 v.
690 3521 729 3571 13.
754 3519 794 3569 lta
819 3516 894 3568 dedit
910 3514 1018 3566 Dosblll.
1039 3509 1139 3562 addens
