2610 4002
379 493 444 535 un.
464 473 526 552 IV,
548 493 622 535 ran.
649 475 789 554 15-17.
1036 475 1074 536 63

78 631 184 694 Parce
206 633 346 714 gaudere
367 641 513 717 oportet,
535 633 700 694 etsensim
721 633 832 717 queri,

76 716 195 774 Totam
216 714 289 796 quia
308 715 404 777 vitam
422 715 534 776 miscet
554 712 647 775 dolor
668 725 701 774 et
720 714 877 798 gaudium.
1040 731 1076 772 ιο

452 1003 552 1057 ⁴tuln.
582 987 680 1052 XVII.

331 1119 452 1174 CANUM
475 1123 607 1176 LEGATI
628 1124 674 1176 AD
698 1117 821 1176 IOVEM.

75 1246 180 1308 Canes
202 1244 323 1328 legatos
347 1242 423 1332 olim
442 1243 558 1304 misere
580 1243 619 1304 ad
640 1246 766 1320 lovem,

73 1325 221 1386 Melioris
242 1325 326 1387 vitae
351 1333 476 1404 tempus
498 1335 622 1384 oratum
642 1343 735 1398 suae,

73 1405 122 1464 Ut
143 1425 213 1466 sese
235 1405 376 1486 eriperet
393 1402 555 1464 hominum
579 1402 794 1481 contumeliis,

73 1482 273 1545 Furfuribus
293 1482 353 1543 sibi
374 1502 581 1563 conspersum
601 1484 688 1567 quod
708 1503 822 1563 panem
846 1480 976 1564 darent,

73 1565 237 1647 Fimoque
255 1562 345 1643 turpi
364 1563 527 1622 maximam
548 1571 715 1644 explerent
735 1561 861 1623 famem.
960 1625 964 1631 ,
1055 1559 1076 1626 5

73 1643 224 1708 Profecti
245 1653 317 1704 sunt
339 1641 433 1724 legati
453 1663 516 1703 non
540 1643 637 1704 celeri
658 1642 759 1724 pede,
855 1693 858 1700 ,

75 1727 165 1784 Dum
185 1723 312 1785 naribus
336 1733 514 1782 scrutantur
535 1742 639 1783 escam
659 1725 691 1782 in
711 1732 865 1782 stercore.

75 1803 173 1866 Citati
192 1825 255 1865 non
276 1802 477 1884 respondent.
518 1801 581 1863 Vix
603 1802 729 1862 tandem
752 1800 872 1861 invenit

75 1886 145 1945 Eos
167 1883 363 1960 Mercurius,
385 1893 417 1942 et
437 1880 579 1944 turbatos
601 1881 736 1942 attrahit.

77 1968 163 2024 Tum
184 1981 263 2025 vero
287 1959 410 2024 tultum
430 1962 532 2043 magni
551 1971 587 2020 ut
609 1961 758 2041 viderunt
777 1961 878 2041 lovis,
1041 1983 1077 2024 ro

77 2045 195 2106 Totam
214 2042 358 2104 timentes
384 2053 591 2104 concacarunt
614 2042 743 2125 regiam.

77 2124 232 2206 Propulsi
252 2143 331 2185 vero
352 2121 508 2199 fustibus,
531 2122 650 2184 vadunt
670 2123 777 2186 foras:
831 2189 833 2196 ,

78 2204 176 2267 Vetat
196 2202 308 2263 dimitti
329 2223 458 2286 magnus
478 2202 549 2267 illos
574 2205 704 2286 lupiter.

78 2282 204 2360 Mirati,
223 2282 282 2343 sibi
305 2282 426 2364 legatos
448 2303 511 2344 non
532 2285 706 2360 reverter,

78 2367 191 2445 Turpe
212 2363 407 2423 aestimantes
430 2363 550 2444 aliquid
570 2365 770 2427 commissum
790 2385 808 2424 a
829 2365 911 2444 suis,
1042 2363 1078 2426 15

77 2446 161 2504 Post
183 2439 313 2526 aliquod
334 2451 458 2522 tempus
483 2443 560 2505 alios
582 2443 719 2504 adscribi
741 2443 858 2504 iubent.

78 2526 204 2586 Rumor
224 2524 346 2604 legatos
367 2519 550 2603 superiores
574 2521 724 2603 prodidit.

78 2603 240 2664 Timentes
261 2621 373 2663 rursus
394 2601 572 2684 aliquidne
594 2602 695 2662 simile
716 2600 853 2679 accidat,

79 2682 195 2744 Odore
219 2681 347 2743 canibus
369 2700 477 2758 anum,
498 2684 555 2744 sed
578 2683 695 2758 multo,
719 2682 861 2764 replent,

79 2763 226 2824 Mandata
247 2761 335 2837 dant,
356 2759 452 2844 legati
473 2764 656 2840 mittimur,
677 2762 778 2823 statim
1039 2777 1079 2821 ao

46 2879 49 2885 -
79 2843 220 2904 Abeunt.
259 2843 420 2925 Rogantes
441 2843 575 2925 aditum5
597 2842 743 2907 continuo
764 2842 942 2924 impetrant

80 3121 115 3136 -
128 3105 157 3146 v.
172 3092 379 3148 10.Emendatit
392 3093 538 3161 Pithoeus,
555 3097 584 3146 in
598 3097 672 3148 cuius
685 3096 752 3149 Cod.
771 3095 811 3149 est
822 3095 973 3167 Totamque
987 3095 1078 3146 vitumr

132 3163 200 3216 rab.
218 3165 311 3229 XVII,
325 3180 352 3214 ν.
365 3177 390 3213 2.
408 3163 448 3213 Ita
464 3163 551 3215 Codd.
568 3164 621 3216 Sed
636 3165 724 3216 Ursini
746 3168 928 3217 coniecturam
946 3165 1020 3214 multi
1036 3179 1079 3214 sed
1174 3180 1177 3193 ¹

81 3241 213 3349 guantur:
229 3232 354 3284 Meliora
374 3233 444 3282 vitae
461 3243 582 3303 tempora
595 3244 704 3284 oratum
719 3252 793 3284 suae.
807 3261 842 3272 -
855 3250 883 3282 v.
901 3234 940 3284 16.
956 3231 1081 3282 adscribi

106 3298 150 3350 od.
168 3300 237 3350 Pilh.
249 3299 357 3350 adsciri
372 3299 439 3350 Cod.
464 3301 538 3351 Rem.
560 3329 595 3341 -
616 3317 646 3350 v.
674 3303 713 3352 18.
732 3303 759 3354 T
757 3300 901 3352 liuentibus
921 3299 988 3352 eod.
1010 3293 1076 3350 Pali.
1136 3351 1140 3360 ‚

82 3366 138 3419 Sed
153 3368 191 3419 ita
211 3383 300 3425 versus
318 3368 439 3432 laborat,
459 3370 503 3420 cui
520 3369 662 3419 Salmasius
676 3373 808 3422 succurrit
820 3367 938 3436 legendo
959 3385 1077 3418 rursum.

81 3461 116 3476 -
133 3451 162 3486 v.
185 3448 226 3488 ao.
245 3437 286 3486 lta
305 3435 398 3502 Rigalt.
417 3437 450 3486 11.
472 3445 499 3488 et
519 3438 587 3489 aliae
606 3437 733 3507 deinceps
753 3441 809 3490 sere
825 3453 917 3488 omnes
934 3436 1001 3487 Edd.
1024 3433 1080 3486 Sed

83 3501 170 3554 Codd.
189 3513 217 3556 ct
236 3505 340 3574 primae
357 3503 423 3554 Edd.
441 3503 586 3556 Mandant
607 3502 785 3557 dimittuntur
798 3508 898 3557 stettin.
925 3532 959 3543 -
983 3517 1012 3555 v.
1036 3519 1078 3554 21.

82 3571 188 3624 Abeunt
200 3573 357 3625 coniectura
370 3573 410 3624 est
427 3571 585 3628 Schefferia
600 3569 722 3644 pluribus
734 3577 852 3646 recepta.
864 3571 951 3626 Codd.
963 3569 1086 3634 Adeunt„
1111 3639 1113 3642 v
