2610 4002
226 489 266 564 94
360 447 366 464 Β
526 494 640 540 ηοω
662 495 706 538 an
727 479 940 540 autrannus

172 670 175 686 ·
226 646 268 696 sit.
288 644 355 695 Nam
374 642 500 711 opercula
517 637 677 704 huiusmodi,
695 654 763 708 quae
777 639 935 708 plerumque
946 638 1141 691 exreainasive
1153 656 1234 692 mas-

225 712 297 764 tiche
309 710 533 774 conficiebantur,
552 708 635 774 figura
651 723 698 758 sua
715 725 770 758 non
784 710 898 757 multum
911 705 1070 758 differebant
1087 723 1103 758 a
1115 711 1235 760 corneis

226 779 400 846 tegumentis,
419 778 514 846 quibus
533 777 692 844 operiuntur
707 777 793 892 pisces
811 773 921 842 quidam
938 775 1060 826 testacei:
1079 790 1113 826 ac
1125 793 1233 843 quem-

226 847 371 900 admodum
389 864 420 897 ex
437 845 610 896 similitudine
629 860 689 894 cum
726 845 748 894 is
766 844 880 911 piscium
896 842 969 895 testis
994 843 1109 893 calvaria
1121 846 1234 908 gallice

226 926 293 968 teste
309 923 403 966 vocata
421 923 473 978 est;
492 914 528 962 ita
547 919 574 962 et
591 911 735 980 amphorae
752 912 794 962 vel
809 911 869 962 cadi
880 913 1039 978 operculum
1051 911 1140 962 vocari
1154 921 1232 964 testa

225 985 323 1052 potuit.
343 982 397 1033 Sed
415 990 442 1033 et
458 979 526 1032 Cato
545 979 580 1030 de
596 995 627 1030 re
643 989 708 1031 rust.
726 995 786 1046 cap.
804 975 850 1042 84:
870 977 1010 1043 Carinum,
1027 978 1126 1045 inquit,
1150 993 1232 1032 resto

227 1051 309 1120 (sorte
325 1048 484 1118 legendum,
508 1057 594 1108 testu;
610 1049 649 1099 sic
666 1049 735 1099 enim
751 1049 857 1097 locutos
876 1051 977 1097 veteres
994 1053 1106 1097 testatur
1121 1045 1231 1098 Chari-

225 1119 299 1188 sius)·
310 1120 425 1188 operito.
453 1117 585 1168 Nimirum
601 1119 623 1165 a'
634 1117 714 1184 piscis
729 1115 839 1166 testacei
856 1112 942 1180 figura
958 1131 974 1164 ο
996 1115 1115 1165 erculum
1135 1119 1230 1166 catini

209 1174 327 1240 ‘dictum
343 1186 465 1256 primitus
481 1192 593 1249 testum,
611 1185 653 1234 vel
670 1191 740 1235 testu
759 1182 853 1234 suerit:
872 1181 946 1250 quod
958 1132 1031 1234 idem
1043 1191 1081 1232 est
1099 1198 1131 1234 ac
1139 1191 1229 1247 testa,

226 1265 257 1306 ut
273 1256 355 1307 docet
371 1254 473 1308 Nonius
491 1269 549 1321 cap.
567 1254 592 1305 3.
613 1252 734 1320 Denique
751 1251 879 1302 luvenalis
897 1259 948 1302 sat.
967 1252 992 1302 5.
1010 1267 1033 1300 v.
1052 1249 1093 1303 33.
1117 1251 1229 1302 Vinum

226 1332 371 1388 memorat,
569 1345 576 1350 ·
1073 1323 1100 1368 ὀ

302 1401 310 1412 ’
514 1420 523 1438 .
557 1421 567 1442 .
602 1388 676 1438 cuius
694 1387 821 1456 patriam,
838 1389 999 1456 titulumque
1017 1393 1139 1448 senectus

356 1455 459 1510 Delevit
476 1455 559 1504 multa
576 1457 670 1506 veteris
688 1456 798 1521 fuligine
814 1463 907 1506 testae.

226 1526 279 1578 Sed
297 1521 348 1575 vini
365 1523 395 1574 in'
410 1523 538 1593 amphora
554 1523 596 1573 vel
616 1522 684 1574 cado
703 1522 805 1574 conditi
823 1532 894 1575 aetas
922 1531 949 1574 et
975 1523 1063 1590 patria
1087 1524 1225 1578 inscribe-

225 1595 322 1644 bantur
340 1593 449 1644 invasis
469 1592 608 1659 operculo,
628 1607 683 1642 non
700 1593 729 1642 in
744 1592 804 1658 ipso
817 1608 893 1644 vase:
912 1599 979 1643 testa
994 1607 1068 1656 ergo,
1088 1592 1165 1643 cuius
1178 1595 1223 1644 in-

224 1662 397 1729 scriptionem
415 1675 528 1711 mucore
546 1667 573 1710 et
588 1659 697 1726 fuligine
714 1659 842 1712 delevisse
859 1668 971 1711 vetustas
983 1658 1027 1710 hic
1039 1658 1146 1724 dicitur,
1167 1679 1224 1729 pro

131 1763 137 1778 .
225 1731 292 1780 vasis
311 1729 442 1796 operculo
462 1735 537 1780 recte
555 1729 641 1795 accipi
659 1734 761 1796 potest:
784 1726 920 1780 Phaedrus
939 1744 1006 1794 crgo
1024 1729 1126 1793 pariter
1147 1737 1223 1782 testa

225 1797 309 1848 nobili
327 1797 393 1847 nihil
412 1796 485 1846 aliud
503 1795 617 1846 voluerit
630 1795 711 1860 forte,
728 1811 808 1862 quam
819 1795 964 1865 amphorae
977 1797 1144 1864 operculum,
1162 1799 1222 1864 sig.

130 1923 132 1928 ,
225 1865 342 1930 nificari;
363 1874 390 1916 et
408 1864 477 1914 hanc
493 1871 589 1915 testam
606 1863 669 1915 ideo
686 1863 804 1915 nobilem
820 1861 930 1931 dixerit,
946 1872 977 1916 ut
995 1864 1124 1929 signatam
1140 1866 1220 1916 illus·

145 3617 154 3638 e
236 3599 239 3610 ”
265 3609 274 3640 t

224 1934 308 1986 triore
327 1934 408 1985 titulo
425 1932 506 1984 luisse
523 1932 739 2000 intelligeremus.

422 2103 500 2164 Fab.
523 2105 560 2164 ll.
582 2103 623 2167 V.
645 2110 675 2176 4·
695 2099 760 2162 Atii
780 2114 911 2163 onerant
932 2103 1034 2164 saxis.

226 2249 349 2316 Quatuor
367 2248 470 2316 primae
487 2245 602 2314 syllabae
627 2247 719 2298 breves
744 2261 800 2297 non
816 2244 894 2296 latius
918 2244 1039 2314 spondeo
1063 2258 1171 2318 patent,
1192 2263 1220 2304 et

225 2333 304 2385 saepe
321 2317 347 2366 in
366 2315 483 2379 versibus
501 2316 611 2367 senariis
628 2316 741 2385 primam
758 2314 850 2367 sedem
865 2320 1008 2384 occupant.
1032 2317 1072 2370 lta
1091 2319 1218 2388 subseq.

228 2385 268 2437 15.
285 2402 310 2435 v.
332 2399 372 2435 ra.

359 2451 520 2505 Beneficium
538 2468 660 2521 magnum
679 2467 742 2504 sane
760 2452 841 2503 natali
858 2449 941 2503 dedit.

225 2529 252 2574 et
268 2520 327 2573 Lib.
346 2517 372 2586 4.
389 2521 443 2572 sab.
462 2523 504 2574 23.
521 2540 544 2572 v.
567 2536 606 2587 ι7.

234 2581 238 2592 ’
357 2589 444 2658 Super
462 2591 542 2642 etiam
559 2590 656 2654 iactas,
675 2598 764 2656 tegere
781 2588 855 2656 quod
872 2587 952 2641 debet
968 2589 1066 2660 pudor.

225 2657 307 2709 sicet
325 2657 435 2708 Plautus
452 2656 540 2707 Aulul.
558 2664 610 2710 aet.
628 2672 653 2707 a.
672 2674 710 2708 sc.
729 2658 755 2710 8.
772 2675 793 2707 v.
816 2671 837 2707 1¹.
998 2699 1002 2720 ,

361 2725 441 2776 Volui
459 2727 576 2776 animum
594 2725 702 2776 tandem
717 2723 875 2777 confirmare
893 2723 974 2777 hodie
991 2741 1091 2783 meum.

225 2801 252 2845 et
269 2793 410 2844 Terentius
428 2792 512 2848 Andr.
530 2801 581 2844 act.
602 2794 626 2844 3.
645 2810 683 2846 sc.
701 2794 726 2846 3.
746 2812 768 2843 v.
788 2795 829 2860 39.

357 2860 420 2911 Tibi
436 2877 563 2927 generum
580 2860 701 2925 firmum,
720 2870 748 2912 et
764 2861 834 2914 filiae
851 2863 967 2914 invenies
984 2862 1078 2914 virum.

225 2936 252 2980 et
268 2925 337 2980 Pub.
360 2927 454 2995 Syrus,
472 2931 547 2980 cuius
563 2928 671 2995 quidem
689 2929 735 2980 has
754 2931 854 2983 referre
870 2939 911 2982 tot
928 2932 1073 2981 sententias
1090 2945 1145 2982 non
1172 2933 1215 2999 pi·

223 2997 296 3064 guit.
314 3004 371 3045 tum
388 2996 450 3063 quia
467 2995 524 3048 lere
542 3013 633 3047 omnes
651 2998 803 3065 praeclarae
821 3007 899 3063 sunt,
916 3008 973 3050 tum
991 3008 1020 3049 ut
1038 3008 1113 3051 tanto
1132 3003 1215 3068 magis

223 3066 429 3128 convincantur,
447 3065 491 3133 qui
510 3064 696 3116 contradicere
713 3065 791 3116 nobis
809 3069 923 3118 vellent:
1039 3055 1049 3078 ’

303 3148 327 3184 r.
354 3147 396 3199 71.
413 3131 575 3184 Beneficium
593 3133 733 3249 accipere,
751 3135 904 3186 libertatem
920 3135 1037 3186 vendere
1056 3143 1105 3187 est.

358 3214 400 3266 7²·
416 3200 577 3252 Beneficium
594 3199 646 3250 dan
667 3217 683 3250 o
703 3218 766 3253 acce
786 3203 820 3268 it,
839 3205 885 3270 qui
905 3202 985 3269 digno
1003 3201 1085 3256 dedit.

357 3268 399 3332 73.
416 3268 577 3319 Beneficium
594 3267 678 3334 dignis
695 3269 742 3320 ubi
760 3220 821 3335 des,
838 3287 929 3322 omnes
949 3272 1060 3337 obliges.

359 3333 401 3400 74.
419 3336 644 3404 Beneficiumqui
664 3335 728 3388 dare
745 3339 844 3404 nescit,
864 3340 961 3390 iniuste
978 3341 1051 3420 petit.

358 3403 400 3468 75.
418 3401 579 3454 Beneficium
598 3404 643 3473 qui
666 3404 769 3458 dedisse
788 3424 816 3458 se
835 3405 915 3472 dicit,
935 3416 1010 3475 petit.

360 3469 403 3534 76.
419 3469 580 3521 Beneficium
597 3487 640 3522 sae
661 3489 676 3523 e
693 3473 773 3538 dare,
792 3475 891 3525 docere
908 3483 948 3525 est
965 3474 1087 3528 reddere.

344 3548 402 3604 ¹02·
420 3537 508 3588 Bonus
525 3490 734 3593 numatianus
751 3542 853 3610 gravius
870 3544 957 3594 multo
974 3545 1103 3596 irascitur.
