2678 3978
333 1099 397 1124 ³.
489 1021 922 1114 'auruum

263 1209 685 1318 FABULARUM
744 1211 1191 1320 AESOPIARUM

607 1436 769 1489 LIBER
803 1438 838 1489 11.
921 1465 924 1472 ·

578 1675 874 1740 AUCTOR.

228 1829 330 1890 Exem
353 1829 391 1889 lis
415 1827 594 1892 continetur
616 1826 702 1888 Aeso
725 1825 737 1885 i
785 1844 881 1900 enus,

227 1907 296 1971 Nec
319 1849 404 1970 aiiud
426 1908 594 2004 quicquam
613 1927 674 1989 per
696 1847 772 1968 iihe
797 1926 829 1966 as
850 1903 1034 1988 quaeritur,

229 1988 335 2076 Quam
356 2000 534 2068 corrigatur
554 2007 646 2048 error
667 1999 703 2047 ut
722 1984 921 2063 mortalium,

189 2086 191 2092 ·
226 2068 395 2149 Acuatque
417 2087 487 2128 sese
509 2065 641 2147 diligens
661 2065 822 2147 industria.

225 2146 421 2286 guicunque
441 2145 541 2208 fuerit
560 2165 639 2226 ergo
662 2145 818 2207 narrantis
837 2143 947 2218 iocus,
1208 2146 1231 2210 5

260 2239 314 2286 um
336 2226 438 2307 capiat
458 2246 583 2303 aurem,
605 2236 639 2285 et
660 2237 767 2287 servet
786 2223 989 2307 propositum
1009 2243 1120 2304 suam,

226 2307 278 2366 Re
300 2307 554 2382 commendatur,
577 2324 641 2365 non
661 2305 799 2367 auctoris
820 2303 956 2387 nomiae.

227 2387 257 2446 E
281 2382 388 2445 uidem
407 2381 492 2456 omni
513 2406 589 2446 cura
606 2397 729 2446 morem
750 2384 886 2447 servabo
909 2385 1008 2446 senis:

221 2466 271 2526 >Se
318 2465 344 2524 si
367 2465 496 2528 libuerit
517 2465 636 2550 aliquid
659 2457 881 2548 interponere,

227 2547 396 2607 Dictorum
416 2566 525 2608 sensus
548 2559 584 2608 ut
605 2547 743 2607 delectet
765 2545 917 2621 varietas,
950 2555 954 2576 ¹

227 2629 332 2687 Bonas
356 2626 387 2684 in
409 2639 516 2708 partes
537 2625 642 2687 lector
663 2625 797 2706 accipiat
822 2624 926 2685 velim.

228 2705 282 2766 Sic
306 2725 343 2765 ea
362 2726 397 2766 re
424 2707 519 2768 endet
538 2705 585 2765 illi
604 2705 743 2766 brevitas
765 2704 915 2788 gratiam,

233 2785 330 2848 Cuius
351 2805 410 2864 rer
433 2807 488 2850 osa
506 2805 566 2847 neo
591 2784 631 2850 sit
652 2784 892 2846 commendatio.

232 2938 407 2952 m*—

279 3002 393 3069 Prolog.
412 3019 440 3054 ν.
458 3002 483 3053 5.
503 2999 591 3051 Codd.
611 3003 774 3072 Quicunque
782 2999 873 3069 fuerit
891 3019 956 3070 erga
975 3004 1115 3055 narrandi
1137 3005 1229 3062 locus.

227 3068 400 3134 Emendatio,
425 3085 504 3138 quam
520 3085 569 3119 nos
586 3073 755 3138 recepimus,
784 3070 890 3121 Graevii
905 3080 958 3137 est,
987 3074 1069 3123 etiam
1085 3074 1228 3123 Desbillo-

229 3139 276 3187 nio
296 3137 322 3186 ia
340 3137 533 3188 commentario
552 3138 607 3187 MS.
624 3139 747 3206 probata.
781 3138 834 3187 Alii
853 3141 932 3192 aliter
950 3144 1143 3198 coniecerunt:
1171 3143 1229 3191 Rit-

228 3204 340 3256 tershus.
361 3203 501 3256 marrandi
511 3205 600 3268 iocus,·
620 3207 717 3274 Guyet.
733 3205 891 3256 narrandus
901 3208 994 3275 logne.
1007 3209 1079 3258 Gud.
1094 3215 1231 3262 narranti

228 3276 322 3333 iocum
337 3273 423 3322 Bentl.
441 3271 600 3323 narrandus
618 3275 703 3324 iocus.
725 3302 758 3312 -
782 3292 809 3324 v.
831 3291 870 3326 tr.
890 3277 1009 3344 occipias
1029 3276 1118 3328 Codd.
1137 3307 1170 3318 --
1196 3295 1227 3328 v.

231 3358 262 3392 ια
281 3349 308 3391 et
336 3354 375 3405 13.
396 3340 483 3390 Codd.
508 3349 535 3390 et
557 3343 657 3408 primae
680 3341 749 3393 Edd.
778 3343 823 3391 Ita
842 3341 1027 3413 aierependet
1046 3345 1090 3394 itti
1106 3345 1228 3396 brevitas

229 3410 366 3475 gratiam,
395 3408 479 3460 Cuius
500 3407 614 3458 verbosa
638 3411 725 3460 nescit
748 3408 951 3461 commendatio.
969 3412 1097 3476 Rigaltius
1115 3416 1227 3464 conice*

229 3487 302 3528 tara:
320 3475 366 3526 Sic
384 3477 437 3526 ista
456 3473 508 3524 tibi
525 3476 651 3544 rependet
669 3478 788 3528 brevitas
802 3477 939 3542 gratiam,
960 3477 1046 3528 Cuius
1057 3480 1176 3530 verbosa
1193 3499 1226 3530 ne

229 3545 268 3601 sit
284 3561 297 3588 r
511 3551 566 3591 'um
585 3544 653 3596 duos
671 3547 775 3615 priores
792 3546 926 3612 sequentis
941 3544 1048 3597 fabulae
1061 3564 1151 3599 versus
1163 3566 1226 3599 cam
