2610 4002
316 517 319 522 .
396 473 507 520 rorsn
528 473 573 516 sn
594 473 784 519 ruennnuu.
1046 453 1095 540 qrx
1159 467 1162 473 '

89 616 221 681 verbosa,
234 633 267 670 ea
279 616 394 669 brevitas
407 625 458 682 est,
472 616 595 686 adquam
608 615 962 670 Auctorcommendsndarn
975 617 1085 670 verbum

87 702 149 738 non
164 687 277 755 amplius
296 685 386 737 addat.
421 685 503 753 Quod
516 695 619 754 spectat
638 687 672 738 ad
692 687 770 734 istam
786 685 914 752 loquendi
929 687 1085 754 formulam

88 771 124 807 ea
140 763 231 806 tuetur
244 771 272 806 se
286 755 444 806 auctoritate
459 751 614 817 Ciceronis,
630 756 676 823 qui
692 751 726 804 ad
740 752 824 807 famil.
837 752 897 804 Lib.
913 768 951 806 ιο.
964 755 1045 823 Epist.
1058 755 1084 806 6.

89 822 187 874 Talem
202 822 306 890 Igitur,
321 823 423 892 inquit,
437 832 462 871 te
478 839 535 895 esse
550 834 671 891 oportet,
686 821 736 890 qui
746 831 771 869 te
784 856 793 872 .
805 856 834 871 ..
851 821 982 890 seiungos
998 830 1050 874 etc.

270 967 348 1031 Feb.
369 967 409 1034 V.
429 967 470 1035 V·
491 969 540 1033 23.
562 931 644 1032 'lum
668 970 714 1034 sic
734 968 836 1031 iocata
857 980 906 1031 est

86 1094 132 1146 Ita
166 1094 249 1146 rimus
265 1089 350 1146 edidit
363 1092 491 1158 Rigaltius
507 1106 576 1144 anno
598 1091 670 1156 1617.
690 1100 770 1159 atque
782 1091 819 1142 ita
835 1091 887 1142 scri
907 1097 964 1141 turn
977 1089 1084 1144 wedi-

87 1163 128 1214 cit
142 1111 247 1212 duetus
263 1162 291 1211 in
303 1158 406 1211 Codice
419 1160 578 1211 Pithoeano.
612 1159 739 1210 Pithoeus
753 1169 843 1211 tamen
860 1108 958 1224 edetis,
979 1169 1034 1209 tum
1045 1161 1085 1210 sic

85 1231 182 1281 locuta
195 1241 251 1292 est;
267 1244 355 1296 neque
368 1228 401 1278 ab
417 1227 466 1279 hac
479 1229 597 1279 lectione
614 1236 761 1280 recesserat
777 1227 902 1294 Rigaltius
917 1227 945 1276 in
959 1243 1006 1277 sua
1022 1226 1082 1277 edi·

86 1299 163 1349 tione
179 1298 241 1348 anni
256 1296 430 1350 1600.‘Nemo
445 1304 549 1361 autern,
567 1303 675 1364 praeter
689 1295 823 1358 (ludium,
841 1295 920 1346 aliter
928 1295 980 1360 legi
992 1295 1021 1344 in
1030 1294 1083 1345 Co·

85 1365 152 1418 dice
168 1365 319 1416 Pithoeano
331 1361 413 1429 dixit3
428 1373 456 1416 et
467 1363 571 1416 huncce
588 1363 718 1415 Codicem
731 1379 867 1429 nunquam
883 1363 1000 1428 attigisse
1010 1363 1083 1414 ride·

84 1442 135 1484 tur
149 1433 263 1484 Gudius.
299 1433 360 1499 Qua
378 1439 493 1500 propter
508 1431 585 1484 valde
602 1433 724 1500 suspicor
738 1431 895 1483 Lectionem
912 1431 1084 1498 Rigaltiansuu

84 1502 170 1553 fuisse
185 1502 264 1552 nohis
279 1517 311 1552 ex
325 1515 399 1551 mera
411 1499 565 1551 coniectura
580 1499 713 1552 oblatam:
730 1497 800 1550 hane
815 1508 904 1550 tamen
913 1498 947 1550 ab
961 1499 1084 1550 omnibus

85 1570 197 1688 Criticip
212 1567 431 1650 comprobatam,
450 1574 478 1620 et
493 1568 557 1620 satis
569 1582 621 1636 per
634 1584 663 1620 se
674 1568 859 1639 plausibilem,
873 1565 1016 1638 repudiare
1027 1581 1083 1618 non

85 1653 168 1690 ausus
194 1655 231 1690 ιιι.

391 1737 519 1868 Epilog.
542 1781 583 1849 V·
602 1783 633 1848 3.
652 1782 782 1846 honoris

86 1903 134 1954 Sic
151 1900 294 1962 ediderunt
308 1901 447 1970 Pithoeus,
465 1901 605 1970 Rigaltius‚
623 1909 650 1952 et
665 1903 708 1952 alli
723 1900 861 1970 plerique:
879 1909 906 1954 at
920 1901 982 1952 Mes.
999 1898 1082 1951 Codi-

87 1988 136 2023 ces
155 1970 383 2022 hahent'boms'm':
397 1972 470 2041 quod
482 1971 593 2022 retineri
607 1970 678 2020 sorte
692 1971 797 2038 potuit,
813 1977 840 2022 et
855 1969 952 2037 erponi
963 1968 1016 2020 hoc
1026 1968 1083 2020 sere

85 2039 186 2091 modo:
202 2048 232 2090 ut
248 2040 347 2092 scirent
366 2057 458 2092 omnes
476 2041 558 2103 riam3
575 2038 677 2105 gloriae
695 2039 815 2102 scilicet,
832 2037 949 2102 homini,
976 2053 1008 2087 eo
1021 2044 1081 2086 tau·

86 2117 148 2158 tum
161 2108 285 2173 nomine,
302 2110 363 2175 quia
379 2109 460 2159 homo
474 2115 529 2172 est,
545 2115 647 2176 patere.
682 2109 759 2158 Tunc
771 2113 860 2157 autem
873 2106 915 2156 vel
927 2105 1019 2155 ultima
1032 2105 1083 2172 syl·

42 2173 44 2180 ’
86 2175 152 2227 laba
166 2177 298 2246 inpetere
309 2176 464 2230 sustinenda
477 2184 558 2240 esset,
580 2173 807 2242 quemadmodum
826 2174 971 2226 sustinetur
990 2175 1019 2224 in
1035 2189 1082 2242 pe·

86 2244 153 2294 cori
168 2242 240 2313 apud
256 2244 397 2312 Virgilium
412 2245 512 2312 Georg.
525 2244 584 2294 Lib.
601 2261 622 2294 ι.
635 2260 658 2293 v.
673 2241 701 2310 4.

356 2348 362 2363 .
397 2349 406 2363 .
441 2348 449 2364 .
484 2313 557 2380 ‚qui
574 2313 661 2363 cultus
677 2310 803 2364 habendo

221 2377 262 2429 Sit
278 2380 387 2449 pecori,
401 2379 503 2448 Apibus
519 2388 619 2447 quanta
632 2381 794 2446 experientia
808 2378 907 2448 parcis.

89 2445 144 2499 Vel
156 2447 305 2497 mutatione
315 2448 371 2496 oevi
386 2447 457 2499 sacta
469 2455 538 2499 esset
552 2447 708 2512 legendum:

223 2514 328 2565 Homini
344 2522 437 2582 patere
453 2517 552 2567 scirent
565 2522 596 2562 ut
609 2514 697 2564 cuncti
715 2515 793 2564 viam.
814 2511 816 2514 ’

85 2581 163 2634 Hanc
176 2590 258 2647 certe,
271 2580 305 2633 de
317 2599 370 2649 qua
386 2581 430 2633 hic
444 2583 538 2650 agitur,
557 2597 612 2632 esse
627 2581 729 2647 gloriae
744 2579 811 2630 viam
828 2580 906 2632 facile
922 2581 1083 2645 intelligere·

86 2659 150 2713 tur,
168 2667 230 2701 cum
241 2651 398 2718 praesertim
411 2650 468 2718 ipsa
482 2650 567 2718 gloria
579 2650 607 2699 in
621 2663 699 2699 versu
716 2649 837 2717 proxime
847 2650 967 2715 sequenti
982 2665 1083 2698 memo·

84 2726 172 2770 retur.
190 2719 260 2784 Quia
276 2727 368 2770 tamen
382 2720 564 2771 elocutionem
579 2717 761 2770 huiuscemodi
773 2720 896 2784 exemplo
912 2717 999 2782 aliquo
1010 2717 1084 2764 bono

87 2783 248 2837 confirmare
261 2785 325 2836 mihi
339 2803 395 2837 non
409 2787 499 2852 licuit,
514 2787 661 2838 lectionem
672 2788 818 2854 vulgatam²
832 2784 997 2850 quantumvis
1007 2800 1023 2834 a
1032 2782 1084 2834 fide

85 2854 331 2924 manuscriptorum
349 2854 518 2909 aberrantem
534 2855 647 2908 reiicere
660 2870 716 2906 non
731 2870 810 2906 ausus
825 2851 874 2907 sui.

486 3027 616 3092 LIBER
635 3026 686 3088 ΠΙ.

334 3179 337 3186 ·
401 3159 533 3245 Prolog.
557 3159 597 3226 V.
615 3168 645 3236 4.
668 3159 772 3246 inquit

89 3281 163 3332 llaec
177 3286 217 3333 est
228 3281 310 3334 lectio
324 3284 420 3335 veteris
432 3283 572 3350 utriusque
586 3281 713 3346 Codicis,
730 3277 869 3330 Pithoeani
882 3274 984 3327 scilicet
995 3273 1083 3324 aelie-

89 3337 201 3401 hrcnsis:
222 3367 302 3417 quarn
313 3351 490 3403 revocandam
504 3367 559 3403 esse
574 3350 746 3400 iudicavimus
762 3363 813 3416 pro
827 3345 929 3415 inquis,
944 3342 1016 3410 quod
1028 3342 1083 3392 edi-

88 3416 186 3467 derunt
199 3417 334 3484 Pithoeus,
349 3419 485 3486 Rigaltius‚
503 3419 582 3470 etalii
597 3417 693 3468 deinde
705 3421 806 3468 omnes.
825 3415 950 3466 Horatius
962 3410 996 3463 ad
1003 3408 1084 3461 iidem

89 3483 220 3538 Codicum
237 3486 330 3556 optim.
349 3489 519 3554 emendatus,
538 3486 598 3538 Lib.
617 3503 639 3536 1.
658 3486 715 3539 Sat.
730 3483 755 3550 lp.
770 3503 793 3537 v.
810 3485 850 3550 78.
943 3549 945 3554 Ι

289 3590 298 3603 .
335 3589 342 3604 .
379 3592 388 3642 ,Ι
419 3592 427 3606 .
462 3593 469 3612 .
505 3561 556 3638 ,Ἀ
589 3553 709 3608 Laedere
724 3553 837 3624 gaudes,
