2610 4002
176 1265 282 1326 Insunt
301 1267 361 1328 hae
380 1266 507 1329 fabulae
531 1265 562 1326 in
583 1265 700 1327 Codice
721 1265 887 1327 Perottiuo
907 1267 990 1328 luter
1013 1267 1086 1329 alias

95 1364 244 1429 Phaedro
281 1383 314 1431 et
342 1373 465 1433 Avieno
505 1369 627 1431 fabulas
666 1366 846 1428 auctoribus
878 1368 1086 1429 ascribendas.

97 1467 189 1559 Quae
216 1471 345 1554 quidem
372 1494 440 1550 res,
470 1487 507 1536 ut
534 1496 596 1538 non
625 1477 726 1544 minus
759 1493 867 1533 earum
897 1470 1018 1532 indoles
1050 1481 1084 1532 et

96 1570 256 1632 scribendi
286 1593 401 1656 genus,
431 1576 457 1635 si
487 1597 588 1658 pauca
618 1574 800 1656 exceperis,
827 1593 909 1656 quae
941 1583 1087 1654 suspecta

97 1693 166 1733 esse
187 1674 325 1753 possint,
345 1675 435 1736 nobis
457 1679 586 1761 quidem
614 1679 687 1740 satis
717 1687 805 1736 certe
834 1673 973 1740 indicare
996 1673 1103 1736 vidc·‘

95 1788 167 1854 tur,
187 1799 365 1860 germanam
388 1782 527 1844 Phaedri
547 1783 667 1848 Musam
689 1783 720 1843 in
746 1781 795 1842 his
817 1779 960 1842 versibus
987 1776 1084 1860 loqui.

96 1882 351 1964 Transcrlpserat
370 1884 426 1945 has
457 1884 578 1946 fabulas
598 1884 658 1944 iam
681 1904 699 1950 c
720 1882 839 1944 Codice
858 1881 982 1944 Perotti
1001 1881 1085 1944 Dor-

96 1983 200 2050 villius
223 1995 317 2069 atque
341 2006 413 2048 cum
433 1990 612 2055 Burmanno
637 1983 946 2064 communicaveram·
966 1983 1023 2045 sed
1043 1984 1085 2043 le-

93 2083 204 2146 teliant
222 2109 283 2148 una
305 2109 377 2152 cum
405 2091 571 2176 utriusque
595 2086 876 2164 observationibus·
925 2088 1006 2150 Cum
1032 2106 1085 2146 au·

93 2198 160 2247 tem
184 2209 263 2250 anno
288 2193 363 2275 1809
382 2192 518 2254 Cassitus
539 2194 665 2256 easdem
685 2192 807 2264 fabulas
829 2214 866 2254 ex
889 2189 1003 2251 eodem
1024 2186 1085 2248 Co·

95 2289 167 2351 dice
195 2292 315 2372 publici
340 2293 417 2356 iuris
444 2295 592 2373 fecisset,
624 2316 698 2358 mox
720 2296 919 2359 Eichstadius
946 2293 978 2354 in
1010 2309 1085 2372 pro·

94 2404 267 2473 grammate
291 2396 470 2458 academico
498 2419 551 2462 eas
575 2400 679 2461 denuo
701 2400 814 2462 excudi
838 2398 944 2473 iussit,
972 2385 1084 2454 additis

92 2493 244 2560 Dorvillii
273 2507 306 2555 et
328 2499 501 2558 Burmanni
532 2498 804 2568 observationibus
839 2524 856 2561 a
884 2497 1084 2560 Ferdinando

92 2596 217 2658 Handio
249 2597 309 2658 sihi
338 2597 467 2678 oblatis,
498 2603 553 2686 qui
575 2603 703 2686 quidem
724 2627 763 2666 ex
791 2601 909 2665 codicis
928 2596 1084 2659 Perottini

94 2699 240 2782 exemplo
260 2703 431 2763 Burmanni
451 2725 543 2764 manu
566 2703 652 2767 facto
675 2706 842 2790 diligenter
863 2724 915 2766 eas
944 2701 1083 2784 descrip-
1140 2703 1143 2711 '

94 2813 189 2861 serat.
220 2801 321 2862 Paulo
340 2814 412 2864 ante
432 2807 552 2886 prodiit
572 2818 657 2868 totus
677 2808 728 2870 hic
750 2807 852 2871 codex
867 2818 1015 2868 accurate
1031 2827 1083 2866 ex-

92 2927 222 2987 pressus
248 2925 349 2988 opere
370 2908 491 2968 Cataldi
510 2911 666 2990 lannellii,
692 2922 767 2971 ute
789 2908 986 2990 praefatione
1012 2909 1084 2969 libri

91 3018 182 3089 patet
215 3011 307 3086 1811,
336 3011 406 3070 etsi¹
421 3013 532 3076 titulus
559 3014 625 3076 fert
658 3016 742 3093 ¹8⁰9·
790 3012 888 3072 Codeu¹
911 3013 1084 3070 Perottinus

91 3109 158 3168 MS.
173 3119 272 3186 regiae
285 3112 477 3176 bibliothecae
491 3119 705 3198 Neapolitanae
719 3115 791 3174 abias
806 3125 835 3172 et
849 3096 975 3188 triginta
985 3111 1082 3170 Phae-

92 3215 141 3274 dri
155 3215 281 3295 subules
304 3222 364 3276 iam
383 3229 471 3284 notes
490 3219 613 3280 totidem
636 3242 737 3290 novas,
757 3241 809 3280 sex
823 3229 853 3277 et
873 3220 999 3290 triginta
1013 3218 1082 3272 Ανί-

91 3326 143 3379 ani
162 3322 300 3398 vulgetes
319 3333 349 3382 et
370 3329 458 3403 ipsius
479 3308 600 3384 Perotti
628 3331 760 3384 earmina
786 3321 898 3382 inedita
925 3325 1080 3384 continens,

91 3420 219 3494 digestus
239 3434 269 3483 et
290 3425 384 3485 editus
406 3449 427 3486 e
447 3415 589 3489 CArAilio
611 3429 805 3494 ΙΛΝΝΕιιΙθ,
834 3425 958 3490 eiusdem
984 3429 1082 3498 regiae

92 3521 284 3587 bibliothecae
302 3538 463 3610 scriptore,
486 3539 533 3614 qui
555 3539 708 3604 variantes
728 3535 818 3590 etium
841 3530 977 3589 lectiones
989 3523 1106 3604 adpo-i
