2678 3978
445 487 509 528 um
532 467 576 545 11,
596 483 671 526 aaa.
697 485 794 526 1—2.
863 511 886 556 '.

557 646 633 688 aaa.
655 627 677 685 l.

276 729 282 746 '
324 761 515 827 mvmcus,
533 762 602 812 Lao
621 760 667 811 en
684 759 898 814 pensasses.

117 874 259 936 Attende
281 894 339 936 cur
360 895 479 959 negare
500 873 622 957 cupidis
645 872 761 935 debeas

116 955 270 1017 Modestis
292 955 387 1014 etiam
410 954 549 1031 offerre,
570 955 658 1038 quod
679 976 742 1016 non
764 952 927 1036 petierint.

119 1037 225 1118 Super
244 1036 413 1095 iuvencum
439 1035 539 1096 stabat
562 1035 723 1096 deiectum
743 1034 814 1098 leo:

117 1114 295 1182 Praedator
313 1114 499 1193 intervenit,
520 1128 644 1195 partem
665 1117 836 1198 postulans.
904 1173 906 1182 ,

117 1199 255 1272 Darem,
277 1194 396 1277 inquit,
417 1196 476 1256 nisi
497 1197 618 1259 soleres
639 1217 699 1279 per
722 1207 755 1255 te
776 1215 920 1272 sumeee3

118 1279 163 1337 Et
183 1273 364 1358 improbum
383 1276 505 1338 reiecit.
546 1279 646 1338 Forte
667 1275 810 1336 innoxius

118 1357 232 1420 Viator
254 1367 303 1417 est
326 1356 480 1419 deductus
501 1357 533 1416 iu
559 1357 695 1418 eundem
714 1356 837 1432 locum,

118 1439 204 1498 Fero
252 1435 358 1495 eviso
384 1437 494 1498 retulit
516 1449 605 1499 retro
626 1437 753 1518 pedem.
803 1459 805 1464 ·

120 1518 180 1578 Cui
199 1515 341 1598 pacidus
363 1516 434 1592 ille,
454 1520 525 1579 Non
547 1515 706 1600 estquod
728 1517 858 1594 timeas,
880 1517 942 1595 ait,

118 1599 178 1673 Et,
199 1617 280 1680 quae
302 1593 440 1656 debetur
461 1617 536 1678 pars
556 1608 630 1657 tuae
655 1596 848 1675 modestiae,
1079 1617 1113 1658 to

119 1678 282 1738 Audacter
301 1675 389 1736 tolle.
431 1679 520 1736 Tunc
541 1675 641 1737 diviso
664 1687 795 1757 tergore

119 1758 219 1819 Silvas
239 1755 369 1836 petivit,
393 1753 514 1822 homini
530 1769 567 1816 ut
590 1773 752 1818 accessum
776 1754 875 1816 daret.

158 1838 347 1918 Exemplum
367 1836 532 1977 effregium
552 1855 684 1918 prorsus
706 1846 739 1894 et
759 1834 933 1912 laudabile3

118 1920 241 1985 Verum
262 1929 312 1979 est
335 1916 385 1977 avi
407 1915 466 1978 itas
487 1916 594 1994 dives,
616 1926 650 1975 et
668 1934 791 1997 pauper
811 1914 925 1997 pudor.

513 2067 674 2088 m

525 2207 601 2248 nne,
623 2186 660 2248 11.

116 2312 208 2367 'auus
226 2313 389 2368 emmens
407 2315 520 2367 mauu
536 2312 668 2365 nenne
685 2310 850 2377 senune,
869 2309 955 2362 men
966 2307 1110 2389 eumen.
1153 2265 1164 2280 ’

117 2437 148 2498 Α
169 2435 294 2498 feminis
317 2450 481 2520 utcunque
505 2434 635 2516 spoliari
657 2432 762 2507 viros,

117 2518 249 2594 Ament‚
270 2529 429 2594 amentur,
453 2534 567 2595 nempe
588 2511 739 2650 exemplis
761 2511 920 2571 discimus.

156 2597 277 2658 Aetatis
298 2597 422 2659 mediae
464 2595 600 2657 uendam
620 2613 673 2652 mu
687 2611 735 2652 lea
756 2613 819 2654 non
836 2590 924 2651 rudis

104 2677 277 2752 Tenebat,
301 2700 396 2742 annos
417 2620 521 2742 celans
542 2672 715 2756 elegantias

121 2845 317 2862 m-

118 2939 232 3006 prologo
252 2935 428 2996 continuavit;
450 2949 565 3000 eumque
583 2933 642 2983 sere
655 2929 768 3049 plurimi
786 2927 872 2978 secuti
889 2931 959 2976 sunt.
983 2922 1038 2973 Nos
1055 2919 1111 2972 lec·
1181 2907 1199 2993 ’ἢ
1221 2963 1229 2995 ἃ

118 3009 220 3056 tionem
238 3002 363 3054 editionis
380 3001 598 3052 Desbilloniauae
619 2999 652 3052 de

118 3074 187 3125 tario
205 3073 260 3122 MS.
279 3088 360 3138 quem
379 3070 419 3121 Cr.
445 3070 479 3120 ad
496 3072 607 3132 calcem,
624 3069 705 3137 paulo
723 3067 801 3115 aliter
819 3065 896 3114 locus
910 3077 988 3128 quam
1006 3061 1034 3108 in
1053 3057 1110 3108 edi·

117 3145 191 3193 tione
209 3141 389 3192 constituitur.
424 3138 628 3190 Recentissimae
650 3135 782 3186 editiones
801 3131 900 3181 Heinsii
926 3130 1111 3180 coniecturam

118 3209 174 3262 sere
189 3218 350 3276 sequuntur:
377 3209 437 3267 Ita,
455 3207 482 3256 si
497 3203 623 3273 rependet
639 3205 713 3256 ittam
732 3201 852 3250 brevitas
869 3198 1006 3265 gratiam,
1026 3195 1110 3248 Cuius
1164 3215 1167 3224 ·

120 3278 231 3330 verboso
249 3295 281 3326 ne
298 3277 336 3326 sit
355 3272 563 3334 commendatio,
582 3271 696 3322 Attendc
715 3286 766 3320 cur
784 3277 836 3318 etc.

168 3345 282 3462 Fob.dl‚
297 3362 325 3396 v.
343 3361 369 3412 9.
387 3344 476 3395 Codd.
494 3340 563 3392 Pith.
583 3349 611 3391 et
629 3342 702 3391 Rem.
722 3334 793 3408 quid
810 3337 912 3386 timeas.
926 3331 996 3383 Pith.
1015 3344 1108 3383 eome-

119 3415 155 3465 xit
192 3432 227 3464 uo
250 3450 256 3463 .
867 3435 871 3442 -

194 3481 236 3532 ab.
255 3482 294 3545 11,
312 3499 340 3532 v.
359 3495 383 3545 a.
398 3480 466 3532 Cod.
479 3478 550 3530 pith:
563 3473 695 3548 quaedam
705 3475 818 3537 multer,-
835 3473 908 3524 Raima
921 3461 1036 3535 quedam
1047 3479 1109 3514 cum

119 3551 217 3604 lineola
234 3549 442 3619 superinducta,
461 3549 582 3615 adeoque
601 3541 750 3616 quemdam,
766 3573 800 3586 -·
815 3561 843 3593 v.
860 3542 885 3607 4.
901 3533 1007 3590 tenebat
1018 3548 1033 3584 c
1043 3533 1108 3582 Pra-

674 3001 756 3060 imus,
782 2997 832 3046 etsi
856 2996 883 3044 in
901 2994 956 3044 eius
974 3004 1110 3042 commen·
1218 3043 1220 3052 y
