2610 4002
224 511 263 573 52
530 525 679 568 russum
700 523 909 568 ranunanuu.

223 671 327 812 {Quas
350 671 527 751 Aesopeos,
551 691 615 732 nou
634 665 771 746 Aesopi,
789 665 936 739 nomino,-

252 772 344 813 auoas
365 751 502 812 ostendit
521 751 592 826 ille,
615 769 676 830 ego
699 747 807 827 plures
832 745 973 828 dissero,
1000 775 1003 780 ·

223 832 305 892 Usus
327 843 452 894 vetusto
495 849 608 906 enere,
632 827 689 888 sed
710 824 807 886 rebus
829 825 953 904 novis);

224 911 381 1054 guastum
402 853 545 972 libellum
569 927 652 969 nunc
672 903 788 970 Variae
809 901 969 1000 perleges.

191 1057 196 1069 ,
223 1014 224 1018 ’
255 1012 316 1053 une
337 992 518 1054 obtrectare
539 989 565 1050 si
585 987 673 1049 volet
692 986 883 1068 malignitas,

223 1073 341 1134 imitari
362 1074 437 1133 dum
460 1092 524 1131 non
545 1067 661 1152 possit,
682 1067 840 1130 obtrectet
864 1065 949 1126 lieet.

223 1153 300 1214 Mihi
320 1161 411 1235 parta
430 1153 498 1211 laus
519 1161 586 1225 est,
607 1147 694 1231 quod
714 1160 766 1222 tu,
788 1146 875 1229 quod
895 1144 1010 1205 similes
1030 1143 1094 1222 tui,

223 1233 351 1296 Vestras
371 1234 403 1293 in
424 1231 546 1292 chartas
571 1227 669 1290 verba
688 1227 865 1288 transfertis
889 1246 976 1305 mea,

222 1314 424 1397 Dignumque
444 1312 538 1392 longa
560 1307 704 1370 iudicatis
722 1306 882 1368 memoria.

149 1431 159 1440 -
223 1394 409 1458 Illiteratum
425 1392 570 1474 plausum
589 1405 649 1450 nee
673 1385 828 1449 desidero.

641 1672 734 1727 'rum
758 1666 780 1724 1.

499 1778 659 1845 asinus
694 1790 747 1847 ΕΤ
783 1775 932 1844 olunt.

223 1913 288 2054 {lui
310 1905 398 1976 natus
418 1927 466 1976 est
488 1913 615 1992 infelix,
638 1937 701 1978 non
720 1917 816 1980 vitam
835 1909 944 1973 modo

164 2005 166 2010 ’
251 1997 359 2056 ristem
379 1991 538 2071 decurrit,
558 2015 670 2058 verum
690 2007 763 2078 post
783 1993 904 2057 obitum
927 2005 1056 2074 quoque

189 2116 192 2120 -
221 2076 430 2167 Persequitur
450 2077 537 2135 illum
557 2075 636 2135 dura
656 2074 714 2136 fati
734 2074 867 2136 miseria.

263 2155 345 2214 Gallr
367 2153 511 2232 Cybebes
534 2153 655 2224 circum
675 2156 706 2215 in
728 2165 875 2238 quaestus
896 2151 1013 2212 ducere

222 2233 353 2296 Asinum
373 2233 532 2309 solebant,
551 2233 740 2296 baiulantem
761 2234 905 2294 sarcinas.
1004 2249 1005 2256 ’
1191 2223 1209 2284 5

223 2317 252 2374 ls
275 2334 373 2394 quum
397 2311 507 2374 labore
531 2323 563 2373 et
583 2315 683 2396 plagis
704 2325 787 2376 esset
805 2325 962 2388 mortuus,

222 2396 372 2454 Detracta
391 2394 494 2474 pelle,
515 2393 575 2453 sibi
596 2393 744 2456 fecerunt
765 2405 917 2474 tympana.

178 2551 180 2558 Α
222 2473 337 2556 Rogati
357 2495 430 2536 mox
453 2474 646 2558 aquodam,
670 2474 784 2536 delicio
806 2495 863 2534 suo
937 2503 942 2514 =

223 2554 382 2648 Quidnam
401 2553 573 2617 fecissent?
593 2555 656 2618 hoe
676 2555 776 2619 locuti
796 2564 867 2614 sunt
886 2552 1001 2614 modot

222 2829 255 2840 -·
271 2817 298 2858 v.
318 2799 357 2866 14.
375 2797 464 2852 Codd.
483 2801 619 2867 Quartum
635 2794 751 2848 libellum
768 2795 831 2849 dum
848 2799 920 2851 varie
937 2797 1059 2868 perleges
1069 2797 1210 2849 mendose:

222 2871 276 2920 Pro
294 2886 359 2938 voce
377 2873 511 2934 Quartum
529 2868 633 2918 Gudius
652 2867 763 2918 coniicit
772 2870 895 2933 Quorum
902 2899 911 2927 ,
930 2868 1107 2918 aBurmanuo
1119 2883 1210 2934 recep·

224 2946 296 3003 tum;
321 2937 444 2988 Ursinus:
471 2939 615 3003 Quintum,
638 2951 718 3002 quem
735 2937 855 3002 sequitur
873 2934 1073 3002 Desbillouius,
1102 2937 1155 2986 alii.
1175 2935 1211 2985 De

224 3007 301 3056 variis
317 3006 434 3056 virorum
452 3006 614 3056 coniecturis
632 3005 659 3054 iu
676 3003 787 3056 vocibus
809 3003 872 3055 dum
901 3005 975 3054 varie
998 3003 1044 3055 has
1063 3017 1211 3054 memorare

224 3073 352 3126 sufficiat:
371 3071 498 3123 Pithoeus
516 3073 601 3124 edidit
619 3071 682 3122 dum
701 3073 790 3122 vocive
806 3073 877 3142 pcrle
898 3089 941 3133 es,
960 3071 1071 3124 Ursinus
1085 3089 1158 3123 nunc
1169 3087 1211 3121 vo·

224 3143 293 3206 cive,
312 3139 417 3191 Brotier
434 3138 497 3191 dum
519 3142 617 3192 Variae
633 3137 701 3210 perl.
717 3157 795 3208 quem
813 3159 874 3193 cum
908 3141 1050 3192 esbillonio
1069 3141 1157 3192 secuti
1171 3155 1211 3188 su-

224 3227 300 3274 mus,
328 3207 377 3259 sed
398 3215 428 3258 ut
443 3217 605 3262 mutaremus
623 3225 684 3260 cum
701 3209 796 3260 Ursino
815 3208 879 3259 dum
901 3209 928 3258 in
952 3226 1034 3260 ηιιησ.
1062 3237 1095 3248 -
1124 3224 1156 3259 v,
1173 3219 1212 3258 20.

224 3275 312 3329 Codd.
326 3277 361 3326 In
377 3274 519 3328 literarum
533 3277 660 3348 plausum
677 3278 717 3327 ire
734 3275 867 3327 desidero.
885 3276 962 3328 Unde
980 3277 1124 3348 Scioppius
1148 3281 1210 3327 eon·-

224 3347 288 3398 iecit
309 3344 483 3396 Inlr'teratum
503 3345 629 3414 plausum
651 3362 708 3397 non
737 3344 880 3408 desidero,
904 3347 961 3397 vele
992 3362 1042 3397 cur
1065 3341 1214 3397 desidero?

224 3404 388 3466 Freinshem.
408 3430 457 3464 nee
473 3412 607 3466 desidero.

248 3547 250 3552 ,
271 3480 339 3532 Feb.
358 3482 371 3530 1
399 3478 441 3530 Ab
458 3480 508 3532 hac
530 3482 619 3533 tabula
641 3482 740 3544 librum
759 3491 884 3550 quartum
909 3481 1050 3532 ordiuntur
1073 3479 1163 3531 Codd.
1187 3487 1212 3529 et

224 3537 314 3603 Editio
332 3518 402 3599 Pitb.
418 3548 588 3601 decentiores
603 3549 762 3618 plerumque
780 3550 814 3600 ud
831 3549 911 3602 finem
937 3549 1125 3618 praecedentis
1151 3547 1211 3598 libri

224 3633 283 3670 eam
299 3617 459 3670 reiecerunt.
