2678 3978
435 457 498 498 um.
520 439 564 517 ll,
585 457 658 499 rae.
682 439 784 503 3-5.
826 401 829 414 .

113 599 243 672 Fraude
266 611 298 660 et
314 600 451 661 scelesta
470 601 515 660 sie
537 597 654 660 evertit
672 601 796 660 malitia.

112 680 166 740 Ad
186 680 294 740 nidum
315 679 435 741 scandit
455 679 610 741 volucris:
631 680 810 756 Pernicies,
831 679 889 755 ait,

113 759 189 820 Tibi
208 773 352 841 paratur,
373 760 483 820 forsan
503 773 536 820 et
554 760 688 819 iniserae
709 760 794 820 mihi.

113 843 194 901 Nam
216 839 331 901 fodere
352 852 477 900 terram
494 839 582 924 quod
603 839 691 902 vides
714 839 856 924 quotidie

113 923 238 1002 Aprum
258 919 458 997 insidiosum,
480 940 635 1003 quercum
657 921 724 982 vult
744 931 910 992 evertere,

114 1003 158 1062 Ut
178 1013 318 1060 nostram
340 1001 371 1060 in
390 1000 483 1082 plano
504 999 599 1066 facile
618 1002 805 1082 progeniem
826 997 993 1082 opprimat.
1073 1019 1109 1058 ιο

115 1085 257 1141 Terrore
278 1079 383 1163 offuso
405 1093 438 1141 et
458 1079 649 1163 perturbatis
672 1081 833 1157 sensibus,

113 1161 251 1242 Derepit
266 1160 315 1220 ad*
327 1159 431 1221 cubile
450 1173 573 1221 setosae
594 1161 675 1238 suis;

114 1243 247 1324 Magno,
269 1241 384 1324 inquit,
405 1241 437 1301 in
457 1241 578 1322 periclo
600 1255 673 1302 sunt
691 1243 756 1302 nati
774 1241 831 1302 tui.

114 1323 195 1383 Nam
216 1320 309 1380 simul
329 1321 443 1382 exieris
461 1333 586 1402 pastum
605 1341 678 1388 eum
698 1335 810 1384 tenero
832 1341 949 1403 grege,

115 1401 233 1486 Aquila
252 1414 300 1461 est
318 1414 425 1482 parata
447 1421 561 1482 rapere
580 1403 741 1482 porcellos
762 1402 829 1462 tibi.
895 1405 899 1416 '
1075 1399 1111 1464 15

115 1485 210 1542 Hunc
231 1501 361 1565 quoque
381 1482 496 1541 timore
517 1494 685 1564 postquam
703 1482 875 1564 complevit
895 1480 1017 1558 locum,

115 1563 237 1622 Dolosa
258 1573 328 1620 tuto
351 1561 490 1621 condidit
510 1581 580 1621 sese
602 1582 697 1623 cavo:

117 1643 194 1703 Inde
215 1647 345 1723 evagata
366 1653 464 1700 noctu
484 1661 635 1724 suspenso
656 1641 760 1723 pede,
823 1689 827 1698 .

116 1723 179 1782 Ubi
199 1743 271 1798 esea
291 1741 325 1780 se
346 1722 483 1804 replevit
505 1733 538 1782 et
556 1721 682 1814 prolem
703 1743 808 1799 suam,

116 1805 276 1864 Pavorem
297 1802 442 1862 simulans
464 1801 618 1884 prospicit
638 1813 707 1862 toto
724 1801 785 1861 die.

117 1882 252 1944 Ruinam
271 1893 415 1942 metuens
437 1882 542 1966 aquila
560 1881 654 1941 ramis
675 1881 814 1942 desidet:

119 1965 209 2044 Aper
229 1962 369 2044 rapinam
389 1964 489 2023 vitans
509 1983 573 2022 non
594 1960 702 2042 prodit
721 1961 820 2023 foras.

117 2043 206 2184 guid
226 2040 346 2102 multa?
366 2041 469 2104 inedia
489 2055 562 2104 sunt
583 2041 760 2125 consumpti
782 2062 854 2102 curn
875 2041 955 2120 suis,

141 2123 264 2205 'elique'
276 2135 308 2182 et
329 2123 438 2184 catulis
458 2124 578 2206 largam
599 2122 814 2203 praebuerunt
835 2123 957 2202 dapem.

160 2203 321 2284 Quantum
341 2202 438 2264 homo
458 2202 605 2288 bilinguis
626 2223 721 2285 saepe
739 2203 904 2264 concinnet
921 2204 1012 2284 mali,
1072 2203 1112 2267 25
1163 2201 1173 2213 ’

118 2285 356 2346 Documentum
373 2283 494 2346 habere
514 2285 610 2349 stulta
631 2282 802 2346 credulitas
821 2294 937 2368 potest.
980 2319 982 2322 -

518 2439 708 2450 n-——u——nu

547 2553 622 2596 uas.
643 2535 689 2605 V„

363 2671 366 2680 '
410 2669 542 2722 CAESAR
559 2673 605 2723 AD
623 2671 829 2724 ATRIENSEM.

119 2785 180 2845 Est
200 2784 397 2847 ardelionum
417 2786 571 2868 quaedam
592 2787 714 2846 Romae
735 2785 837 2863 natio,
864 2857 867 2864 Ι

121 2865 262 2946 'l'repide
287 2887 493 2941 concursans,
515 2878 667 2948 occupata
688 2866 718 2924 in
741 2865 824 2941 otio,

55 2949 58 2958 “
121 2944 229 3022 Gratis
250 2947 413 3026 anhelans,
434 2947 532 3006 multa
553 2945 771 3028 agendolnihil
796 2966 908 3029 agens,

122 3023 190 3084 Sibi
210 3027 344 3087 molesta
365 3040 398 3089 et
419 3026 484 3087 aliis
506 3025 710 3100 odiosissime.

121 3105 212 3166 Hane
233 3108 419 3188 emendare,
440 3105 467 3168 si
485 3118 591 3168 tamen
610 3127 757 3190 possum,
780 3106 855 3171 volo
1099 3109 1118 3172 5

130 3261 257 3284 ...Ψ-ψ

122 3373 157 3387 --
175 3363 204 3396 v.
224 3363 263 3398 ιι.
283 3345 371 3398 Codd.
390 3361 493 3399 terrore
512 3345 610 3416 efficto.
626 3345 784 3397 Emendavit
801 3346 957 3399 Rittershus.
978 3347 1074 3416 ffuso.
1087 3373 1118 3384 -

123 3433 153 3464 v·
176 3431 215 3482 17·
235 3414 322 3469 Codd.
339 3425 367 3468 et
383 3417 451 3467 Edd.
468 3412 570 3486 primae
588 3425 656 3465 toto.
675 3415 802 3482 Rigaltius
821 3419 940 3469 correxit
958 3427 1027 3469 tuto.
1042 3445 1073 3456 —
1090 3430 1118 3463 v·

125 3481 167 3550 24.
186 3485 225 3532 lta
241 3484 392 3536 emendavit
409 3485 486 3536 Here.
506 3483 595 3537 Codd.
606 3481 728 3552 salisque
746 3483 851 3536 catatu.
995 3485 996 3490 ’

174 3551 239 3604 Fah.
259 3552 298 3617 V,
316 3569 345 3604 v.
367 3570 388 3604 1.
409 3548 497 3606 Codd.
517 3551 705 3620 Ardaliouum.
