2610 4002
191 449 195 456 Ι
225 470 264 532 be
511 504 514 511 -
537 483 685 528 ananum
708 481 909 526 stammana

226 631 269 692 Et
291 626 459 699 masculina
478 625 618 688 membra
641 618 792 708 applicuit
812 622 944 686 feminis.
1025 634 1027 640 ’

227 714 273 772 lta
292 729 374 772 nunc
394 706 493 772 libido
515 728 616 790 prave
637 705 757 766 fruitur
777 705 902 786 gaudio.

624 865 822 886 unua—u*

640 967 715 1045 aas,
739 985 810 1050 XV.

538 1131 716 1202 capetias
739 1139 785 1190 ET
806 1133 908 1192 eluet,

228 1278 366 1342 Barbam
387 1273 526 1358 capellae
546 1294 645 1358 quum
663 1274 880 1354 impetrassent
903 1277 941 1338 ab
960 1278 1052 1356 leve,

228 1360 320 1419 Hirci
338 1367 513 1418 maerentes
534 1353 687 1436 indignari
708 1367 897 1434 coeperunt,

230 1439 327 1518 Quod
350 1436 533 1518 dignitatem
553 1433 688 1494 feminae
708 1447 892 1515 aequassent
912 1455 1008 1496 suam.

231 1517 345 1594 Sinite,
365 1516 484 1598 inquit,
507 1515 574 1575 illas
595 1512 697 1594 gloria
719 1533 797 1574 vana
818 1513 900 1593 frui,

231 1599 274 1658 Et
292 1617 370 1657 usur
394 1616 447 1656 are
466 1593 565 1658 vestri
585 1603 729 1655 ornatum
749 1595 906 1672 muneris,

230 1679 331 1738 Pares
376 1697 429 1735 um
450 1696 512 1737 non
533 1675 592 1735 sint
613 1682 736 1744 vestrae
760 1672 962 1736 fortitudinis.

271 1759 343 1818 Hae
364 1767 581 1837 argumentum
605 1763 729 1829 monet,
750 1765 786 1813 ut
808 1755 975 1830 sustineas,
995 1751 1053 1813 tibi

232 1837 351 1900 Habitu
372 1856 441 1898 esse
465 1835 598 1912 similes,
620 1833 675 1917 qui
696 1845 768 1894 sunt
786 1833 903 1896 virtute
923 1835 1070 1917 impares.

632 1991 832 2018 nunna—*¹-

639 2145 713 2188 nae.
741 2127 825 2194 XVI.

503 2257 735 2328 emersuros·
749 2278 794 2328 Er
812 2277 962 2328 neuras.-

237 2413 345 2510 Quum
366 2412 407 2473 de
427 2410 562 2474 fortunis
589 2413 716 2496 quidam
735 2425 927 2499 quereretur
949 2417 1030 2497 suis,

237 2499 382 2576 Aesopus
403 2490 489 2554 finxit
510 2494 690 2556 consolandi
709 2497 824 2579 gratia:

276 2576 395 2639 Vexata
417 2575 517 2636 saevis
539 2574 624 2635 navis
645 2575 897 2656 tempestatibus,

237 2659 322 2717 Inter
341 2665 506 2718 vectorum
527 2654 668 2715 lacrimas
693 2667 725 2715 et
745 2657 854 2716 mortis
874 2668 1009 2734 metum,

237 2736 366 2797 Faciem
387 2734 427 2794 ad
445 2754 589 2794 serenam
609 2735 712 2794 subite
735 2745 770 2793 ut
791 2748 928 2798 mutatur
951 2737 1035 2816 dies,

238 2815 333 2877 Ferri
353 2815 498 2875 secundis
518 2823 585 2873 tuta
609 2814 714 2894 coepit
737 2812 862 2877 flatibus
871 2852 886 2893 ,-
958 2866 962 2875 s

238 2895 403 2978 Nimiaque
424 2904 531 2954 nautas
552 2893 706 2954 hilaritate
727 2895 890 2958 extollere.

239 2977 355 3037 Faetus
375 2974 498 3054 periclo
521 2985 589 3034 tum
609 2972 803 3056 gubernator
822 2977 959 3060 sophust
1064 3051 1068 3060 ,

291 3241 357 3293 Feb.
377 3243 440 3309 XV,
457 3259 484 3294 v.
504 3255 528 3296 m
548 3254 693 3314 coeperant
710 3245 813 3312 Faber,
841 3248 939 3315 aliique
959 3249 1053 3299 eontra
1074 3245 1161 3298 codd,
1185 3244 1227 3313 qul

243 3311 341 3362 babent
359 3325 512 3380 coeperunt.
531 3343 564 3354 -
586 3330 616 3366 v.
633 3316 659 3365 6.
677 3315 717 3365 De
734 3317 858 3368 varietate
879 3318 1002 3368 lectionis
1022 3317 1063 3367 Cb
1081 3313 1227 3366 Desbillon.

243 3378 277 3430 ad
296 3380 395 3429 calcem
411 3389 478 3430 nest.
495 3381 537 3433 ed.

276 3446 343 3496 Feb.
360 3446 435 3496 XVI.
451 3463 479 3495 v.
499 3451 522 3500 5.
549 3459 578 3500 ut
593 3459 716 3501 mutatur
732 3449 881 3502 emendavit
895 3445 969 3500 Gud.¹
981 3449 1067 3502 Codd.
1089 3457 1116 3502 et
1129 3449 1228 3519 primae

244 3511 311 3563 Edd.
327 3514 450 3564 omittunt
466 3525 505 3564 ut.
