2610 4002
231 426 295 497 ..δύ’
394 449 400 462 ’
549 433 697 494 enisum
719 452 920 498 sanctinum

236 595 357 679 Agros,
375 596 472 673 vites,
497 608 529 658 et
548 617 667 680 pecora
680 616 761 658 ‘cum
781 597 959 691 pastoribus

236 678 359 737 Donate
379 677 539 738 moechae.
579 678 671 737 Nulla
715 688 811 738 oterrt
830 679 971 759 perpeti,

236 757 277 817 Ut
300 756 441 818 moribus
463 757 539 840 quid
557 769 662 819 teneat
679 699 817 818 alienum
839 757 931 817 suis..
955 781 957 786 ·

236 835 398 897 Deformis
421 838 538 898 cultum
557 837 687 913 vendet,
708 848 744 896 ut
765 838 871 899 vinum
891 851 983 919 paret
990 861 999 918 3

233 918 339 998 Agros
359 916 482 977 abiiciet
504 916 651 992 moecha,
676 928 711 976 ut
735 929 879 982 ornatum
895 931 989 1057 paret
996 942 1006 999 3

235 997 279 1056 At
300 997 352 1056 illa
371 996 508 1078 gaudens
529 1018 665 1079 pecore,
690 1007 722 1057 et
745 999 832 1060 lanae
853 997 893 1058 de
916 999 974 1076 ita,

235 1075 433 1216 §uacunque
453 1100 571 1138 summa
590 1077 694 1137 tradet
712 1078 856 1140 luxuriae
877 1078 1013 1140 domum.
1038 1149 1040 1156 Ι
1087 1111 1091 1118 ·

260 1155 289 1218 ic
311 1158 396 1216 nulla
415 1145 605 1237 possidebit,
621 1158 713 1238 quod
735 1157 833 1219 fuerit
854 1159 975 1237 datum,

234 1239 278 1298 Et
299 1237 413 1297 dictam
435 1238 525 1298 matri
549 1235 714 1301 conferent
757 1239 915 1312 ecuniam,

234 1318 285 1377 Ex
304 1316 408 1398 pretio
429 1339 554 1394 rerum,
574 1337 650 1402 quas
670 1259 869 1381 vendiderint
888 1319 1037 1401 singulae,

234 1400 296 1472 Ita,
318 1396 404 1479 quod
425 1399 597 1459 multorum
620 1395 702 1478 fugit
722 1398 978 1479 imprudentiam,

235 1476 332 1546 Unius
351 1476 484 1538 hominis
508 1478 629 1562 reperit
650 1477 786 1539 solertia.

633 1645 818 1660 a———u—-O

652 1779 729 1853 aas,
753 1765 807 1829 Vl.

428 1897 548 1951 PUGNA
566 1901 705 1953 MURIUM
721 1900 766 1954 ET
783 1900 1026 1957 MUSTELAHUM.

234 2010 342 2150 ippum
362 2012 438 2073 victi
459 2035 565 2086 mures
585 2015 789 2075 mustelarum
811 2012 952 2075 exercitu

231 2094 260 2230 b
282 2091 388 2150 istoria
409 2112 545 2173 quorum
568 2093 599 2153 in
619 2093 757 2155 tabernis
777 2093 931 2175 pingitur)

246 2180 412 2251 ‚ugercnt,
433 2180 465 2229 et
488 2182 573 2242 artos
598 2173 718 2234 circum
737 2174 933 2254 trepidarent
952 2193 1064 2241 cavost

231 2251 340 2330 Aegre
360 2250 498 2330 recepti,
518 2261 621 2316 tamen
644 2264 812 2315 evaserunt
834 2273 955 2315 necem.

231 2330 340 2389 Duces
365 2348 493 2408 eorum,
515 2330 570 2413 qui
593 2333 746 2415 capitibus
769 2354 888 2395 cornua

231 2408 302 2474 Suis
322 2408 469 2491 ligarent,
493 2422 529 2470 ut
548 2415 751 2496 conspicuum
774 2414 806 2474 in
829 2415 955 2496 proelio

230 2488 394 2550 Haberent
413 2489 552 2574 signum,
576 2495 663 2578 quod
682 2507 910 2580 sequerentur,
931 2496 1062 2572 milites,

230 2568 373 2634 Haesere
391 2571 422 2632 in
440 2571 559 2711 portis,
582 2587 716 2658 suntque
738 2577 820 2657 capti
842 2573 880 2634 ab
901 2574 1044 2637 hostibus
1051 2597 1064 2658 3
1121 2641 1126 2646 ,

230 2651 323 2793 Suos
343 2650 438 2713 immo
452 2663 518 2713 atos
542 2654 646 2716 victor
669 2655 766 2716 avidis
788 2653 931 2715 dentibus

258 2753 274 2790 a
299 2730 363 2790 acis·
382 2733 443 2793 alvi
462 2733 571 2795 mersit
593 2747 731 2796 tartareo
752 2756 859 2816 specu.
890 2743 893 2746 ’
1186 2758 1218 2798 ιο

271 2750 500 2896 ὂυυιῃουηφιο
524 2816 678 2896 populum
699 2817 948 2878 tristis‘crentus
971 2817 1103 2900 premit,

223 2891 431 2970 Periclitatur
452 2914 501 2952 ma
545 2894 632 2958 itudo
656 2896 858 2976 principum3.

228 2971 348 3041 Minuta
367 2970 479 3063 plebes
516 2975 587 3044 acili
604 2975 762 3062 pracsidio
784 2976 868 3038 latet.

233 3121 407 3138 Μ

228 3225 261 3249 ψ-
280 3193 527 3260 v.l‡1.ltaCodd.
552 3199 605 3252 Sed
622 3202 799 3268 burmannus,
826 3203 970 3272 pluresque
994 3204 1038 3254 alii
1058 3221 1089 3256 ex
1109 3204 1212 3259 coniec-

125 3270 130 3282 '
227 3272 287 3331 itta.
302 3263 376 3328 Frid,
390 3263 508 3322 Gronov.
528 3269 616 3322 vinum
633 3282 715 3340 petat.
736 3272 776 3323 Cf.
796 3272 944 3324 Deshillon.

625 3446 822 3468 Ἣ
