2610 4002
239 475 294 518 no
566 471 714 516 PHAEDBI
735 471 887 517 russum
966 477 976 492 ¹·

274 615 423 677 Simulata
442 614 601 677 interdum
620 612 699 677 vitio
723 627 857 694 prosunt
878 612 1071 694 hominibus,

235 696 301 760 Sed
322 710 469 780 tempore
487 697 557 779 ipso
578 707 684 756 tamen
704 706 836 778 apparet
854 693 980 760 veritas.

640 859 828 875 Μ

662 983 801 1048 use.V.

570 1119 883 1170 AUCTOR.
950 1121 953 1136 ³

411 1219 757 1298 Seruum'aestimandum
777 1254 855 1324 esse,
875 1252 931 1292 non
950 1233 1051 1294 verba.

235 1365 339 1440 Ixion,
363 1361 417 1446 qui
440 1359 560 1422 versari
582 1371 727 1420 narratur
749 1371 836 1436 rota,

235 1443 419 1509 Volubilem
438 1441 612 1500 Fortunam
635 1439 744 1500 iactari
765 1439 869 1500 docet.

234 1525 399 1591 Adversus
412 1520 501 1581 altos
526 1519 675 1601 Sisyphus
694 1531 818 1581 montes
838 1539 934 1602 agens

236 1605 352 1664 Saxum
374 1600 486 1663 labore
507 1621 647 1678 summo,
671 1599 758 1684 quod
778 1599 818 1660 de
841 1600 960 1661 vertice

235 1683 361 1744 Sudore
382 1701 513 1764 semper¹
528 1681 618 1741 irrito
638 1679 833 1756 revolvitur,

237 1764 386 1825 Ostendit
408 1761 569 1821 hominum
590 1762 656 1821 sine
677 1759 739 1821 fine
760 1778 830 1820 esse
851 1757 1001 1820 miserias.

237 1844 335 1932 Quod
355 1856 438 1905 stans
455 1841 487 1902 in
508 1860 597 1901 amne
619 1841 766 1901 Tantalus
787 1838 891 1899 medio
913 1839 995 1919 sitit,

235 1925 332 1989 Avari
353 1921 592 2002 describuntur,
612 1942 693 2006 quos
714 1915 921 1982 circumfluit

237 2179 269 2212 c.
282 2196 289 2211 .
301 2178 329 2211 s.
348 2178 367 2209 n
377 2195 384 2210 .
396 2195 420 2212 ..
436 2159 507 2213 unde
525 2164 582 2231 ipse
615 2171 703 2214 raeter
715 2164 804 2232 plures
821 2164 885 2215 alias
901 2162 1069 2214 coniecturas
1085 2179 1145 2215 eam
1158 2175 1216 2230 quo·

237 2230 492 2296 que.elicit‚.quam
511 2246 559 2280 nos
604 2232 720 2295 edimus,
741 2231 806 2284 haec
824 2233 938 2283 addens:
965 2229 1217 2284 animadvertendum

237 2315 299 2348 saue
313 2305 352 2348 est
364 2304 448 2346 totam
463 2298 577 2349 fabellae
594 2301 730 2349 solertiam
743 2301 770 2348 in
787 2301 868 2350 verbo
884 2297 1052 2348 mendacium
1069 2302 1146 2350 sitam
1161 2311 1217 2356 esse,

236 2375 265 2416 ut
280 2373 310 2414 ut
322 2364 429 2415 tandem
453 2365 479 2415 hi
494 2369 615 2417 versiculi
633 2369 738 2434 legendi
759 2370 818 2418 sint.
836 2367 1014 2420 Mendacium
1034 2377 1073 2418 est
1093 2363 1217 2421 emenda»

170 2469 173 2476 ,
237 2444 264 2486 et
278 2433 410 2484 Charisius
430 2434 522 2485 scribit
538 2435 659 2485 mendam
677 2438 705 2486 in
730 2436 921 2502 significatione
945 2434 1082 2486 mendacii
1099 2445 1174 2487 recte
1193 2439 1215 2481 et

144 2536 147 2541 -
235 2505 316 2554 latine
333 2502 394 2553 dici.
427 2503 509 2553 Adest
525 2513 613 2554 autem
627 2504 722 2556 menda
737 2503 783 2552 uhi
799 2504 899 2570 aliquid
914 2503 947 2553 ad
961 2505 1138 2570 integritatem
1156 2501 1216 2553 desi·

236 2569 359 2634 deretur,
378 2570 492 2637 ideoque
506 2572 616 2622 mendae
630 2581 691 2622 sunt
707 2570 843 2622 brachium
859 2571 978 2634 brevius,
997 2589 1044 2638 pes
1063 2573 1217 2628 decurtatus,

237 2647 264 2689 et
278 2640 379 2688 similia.
394 2639 534 2688 Praeterea
546 2642 688 2706 gravissimi
702 2649 741 2690 est
757 2641 884 2689 momenti
901 2638 935 2689 ad
950 2638 1017 2690 hane
1033 2655 1105 2704 rem,
1123 2648 1216 2690 veteres

238 2714 264 2757 et
276 2715 398 2758 recentes
411 2709 542 2773 populos,
562 2725 629 2775 quae
643 2710 710 2758 falsa
722 2708 775 2756 visa
787 2707 885 2757 suerint
901 2724 932 2757 ea
947 2723 1000 2757 non
1017 2717 1090 2758 recte
1103 2707 1214 2757 ambula·

221 2772 275 2838 ‘re,
292 2791 344 2824 nou
358 2775 425 2824 bene
444 2774 579 2838 incedere,
598 2793 651 2825 non
668 2777 813 2828 consistere
829 2777 934 2841 vulgato
950 2773 1045 2840 adagio
1079 2774 1217 2826 raedicare.

237 2841 365 2893 Cassitus:
381 2840 478 2891 Mend.
494 2843 692 2911 appellantem:
710 2842 787 2912 quod
799 2861 831 2892 ne
845 2845 947 2910 cogites
964 2842 1048 2892 Pedes
1060 2795 1217 2910 laborasti·

237 2911 281 2960 n'le
297 2912 352 2978 ipsc
367 2910 513 2978 conspicis.
530 2911 653 2964 Bothius:
670 2910 761 2961 Mettd.
778 2911 905 2980 appellat.
920 2920 976 2971 cst,
996 2911 1085 2980 quod,
1100 2929 1127 2960 se
1144 2925 1216 2980 proc·

236 2978 333 3028 dicans
346 2975 430 3026 Pedes
446 2977 560 3038 laudere,
583 2979 698 3029 mertdax
718 2981 805 3048 tirsum
824 2981 938 3028 corruit.
957 3009 989 3018 -—
1004 2995 1032 3028 v.
1051 2981 1083 3030 23
1102 2988 1128 3030 et
1142 2977 1180 3042 alp
1196 2978 1219 3023 in

237 3046 339 3097 Codice
353 3048 494 3114 separatim
513 3046 643 3096 habentur
656 3048 746 3097 addita
762 3049 950 3116 inscriptione:
972 3047 1051 3097 Nilu'l
1069 3047 1115 3098 diu
1136 3042 1217 3098 occul·

237 3125 300 3162 turn.
318 3115 426 3164 Bothius
445 3132 506 3165 cum
520 3115 693 3167 antecedente
714 3115 806 3166 sabula
821 3116 959 3166 coniunxit
971 3123 998 3165 et
1009 3132 1060 3184 pro
1083 3117 1162 3177 vitiu,
1177 3129 1215 3164 re·

236 3183 325 3248 posuit
345 3184 418 3232 vitio.

271 3247 354 3306 ,Μὴ
369 3252 408 3314 V,
431 3269 457 3302 v.
478 3268 500 3301 1.
515 3251 637 3302 Restituit
654 3253 821 3304 Cassitus.1n
837 3251 906 3304 Cod.
917 3252 1046 3302 Iannellio
1061 3258 1138 3314 teste,
1150 3249 1217 3298 Ixion

236 3318 281 3385 qui
294 3319 390 3367 versari
407 3321 633 3370 .actat...0...
654 3322 724 3372 uude
748 3323 805 3389 ipse
831 3321 905 3371 dedit
927 3321 1011 3369 Ixion
1031 3321 1082 3388 qui
1103 3327 1218 3369 versatus

237 3387 360 3434 iactatur
377 3397 448 3436 rota.
467 3417 500 3427 —
516 3403 545 3437 v.
563 3390 588 3438 3.
599 3388 671 3438 sCod.
691 3400 793 3438 montes
813 3405 879 3455 ag..
901 3387 1016 3437 Cassitus
1037 3395 1063 3437 et
1081 3384 1217 3436 lannclliu³

236 3452 299 3502 inde
313 3451 434 3502 fecerunt
445 3469 539 3519 agens,
552 3453 660 3504 Bothius
670 3456 823 3507 Eichstadio
839 3464 866 3505 et
878 3455 981 3505 Handio
995 3453 1148 3504 auctoribus
1158 3451 1217 3516 agit.

237 3547 270 3558 -
286 3535 314 3566 v.
334 3519 358 3568 5.
375 3520 459 3569 irrito
477 3520 545 3571 Cod.
565 3522 688 3590 improbo
704 3525 819 3576 Cassitus
836 3524 863 3573 iu
882 3520 931 3572 Ed.
944 3523 993 3572 111.
1010 3521 1058 3573 sed
1072 3523 1099 3570 in
1113 3519 1161 3571 Ed.
1177 3515 1216 3567 lv.

239 3588 304 3638 item
320 3587 413 3642 irrito.
1025 3621 1028 3626 -
