2610 4002
245 483 285 564 98
535 493 651 536 noran
673 485 716 537 'sn
737 493 926 540 enarratu.

599 598 602 619 l

246 648 321 707 cant,
342 647 387 690 aut
402 636 521 689 iudicare
538 637 669 704 nogium:
688 634 755 688 adso
773 638 812 688 illi
830 653 885 689 non
902 646 998 709 sponte
1015 655 1063 691 sua
1081 642 1122 708 agi
1137 645 1243 694 solent.

245 712 279 758 At
297 725 367 771 cum,
386 715 492 776 praeter
509 723 591 756 unum
604 707 754 772 ltigaltium,
772 723 864 758 omnes
880 708 938 760 sere
956 710 1122 760 auctoritatis
1152 713 1242 762 alicu·

244 779 285 826 ius
304 777 396 825 Critici
415 776 514 840 cogitet
531 790 581 842 pro
599 776 725 840 cogitur,
748 791 804 826 esse
821 778 1023 842 reponendum,
1046 779 1136 829 verbis
1157 782 1242 831 etiam

244 843 746 911 significantissimo„pronuntiaverint:
763 842 1003 912 obtemperandum
1021 847 1122 898 censui.

334 989 411 1051 Fab.
435 989 517 1049 XXI.
537 987 577 1052 V.
598 1007 645 1070 27.
662 951 736 1054 Vos
757 987 845 1074 quod
866 990 1030 1074 rapuistis,
1050 993 1137 1072 perit

243 1111 384 1180 Rapuistis
393 1145 403 1172 ,
422 1110 495 1178 quod
510 1113 750 1178 manuscriptorum
768 1109 900 1162 Codicum
917 1117 943 1158 et
961 1108 1107 1162 editionum
1127 1121 1240 1172 tanturn

242 1197 297 1232 non
310 1180 428 1230 omniurn
437 1188 485 1242 est,
502 1177 643 1247 repudiare
658 1194 712 1228 non
726 1179 780 1229 ausi
794 1195 891 1228 sumus.
913 1177 1104 1232 Verumtamen
1115 1181 1237 1233 lsrrbuis-

243 1251 295 1308 tis,
314 1246 387 1314 quod
406 1249 527 1315 reposuit
546 1247 696 1311 Bentleius,
718 1249 798 1314 paulo
816 1247 915 1297 rectius
933 1243 1047 1297 videtur.
1083 1249 1175 1315 Quod
1189 1270 1237 1301 ra-

240 1317 341 1385 puistis
361 1317 495 1383 explicant
510 1315 570 1377 alti,
586 1313 662 1380 ,quod
679 1330 694 1365 e
713 1315 850 1379 naufragio
869 1314 906 1364 eri
928 1313 1021 1380 uistis3
1040 1317 1102 1381 alii,
1122 1320 1236 1385 quoda

242 1385 317 1434 vobis
335 1387 440 1449 partum
458 1382 534 1432 furtis
551 1389 577 1431 et
593 1381 690 1448 rapinis
707 1382 802 1433 suerat.
827 1330 930 1432 Deinde
968 1383 1020 1431 erit
1035 1385 1063 1433 in
1080 1389 1235 1451 praesenti·

241 1459 363 1519 tempore
379 1452 501 1517 plerique
519 1449 662 1517 accipiunt,
680 1452 754 1518 quasi
771 1449 915 1515 diceretur,
925 1400 1038 1514 jhesum
1056 1463 1081 1500 et
1097 1452 1235 1504 caducum

242 1530 289 1568 sst.
306 1526 333 1569 at
350 1517 376 1566 in
393 1518 538 1586 praeterito
555 1520 636 1584 perit,
654 1534 704 1586 pro
719 1520 812 1589 periit,
831 1518 905 1584 quod
924 1518 1011 1584 poetis
1029 1519 1163 1573 familiare
1184 1533 1233 1586 est,

241 1588 346 1648 melius,
363 1586 390 1644 ‚ni
405 1586 493 1652 sallor,
513 1585 696 1652 explicabitur.
720 1585 866 1639 Ihsbsiistis
883 1593 971 1636 autem
990 1584 1051 1637 ideo
1070 1591 1156 1654 magis
1167 1592 1233 1640 mihi

240 1658 338 1724 placet,
358 1660 412 1702 tum
426 1654 499 1721 quod
510 1653 549 1703 his
558 1655 653 1717 verbis,
671 1673 728 1706 mea
738 1670 837 1706 mecum
848 1670 906 1701 esse
923 1664 1033 1716 cuncto,
1051 1654 1122 1706 belle
1136 1667 1165 1708 et
1175 1662 1232 1710 ele-

239 1731 333 1789 ganter
343 1731 540 1790 opponeretur;
558 1730 615 1772 tum
632 1724 709 1774 etiam
721 1723 794 1792 quod
805 1735 882 1773 versu
898 1721 958 1771 16to
969 1723 1021 1770 iam
1032 1728 1231 1789 praecesserit:

374 1789 524 1843 Praedones
539 1790 652 1855 adsunt,
669 1794 776 1864 rapiunt
794 1789 868 1861 quod
884 1789 996 1857 quisque
1015 1791 1117 1844 extulit.

631 1940 761 2002 LIBER
787 1937 826 2003 V.

425 2065 503 2127 Fab.
519 2066 563 2157 λΧ.
584 2065 623 2131 V.
646 2067 677 2129 3.
697 2067 782 2126 annis
802 2051 1034 2149 ingravantibus
1087 2115 1090 2122 .

238 2190 299 2241 Non
319 2188 473 2242 dictumest
490 2204 505 2236 a
522 2186 645 2238 Phaedro
664 2202 714 2253 pro
729 2186 999 2251 ingravescentibus,
1016 2197 1046 2237 ut
1062 2188 1229 2239 Burmannus

238 2258 347 2336 putavit.
383 2256 502 2307 Verbum
521 2256 709 2320 ingravescere
727 2263 851 2305 neutrum
870 2265 922 2309 est:
947 2259 1060 2308 alterum
1078 2264 1168 2306 autern
1188 2261 1229 2308 vel

237 2324 309 2377 idem
328 2331 383 2390 est,
402 2322 476 2390 quod
489 2322 610 2388 tardare,
627 2331 658 2374 ut
676 2320 747 2389 apud
764 2323 894 2388 Plinium,
914 2319 977 2374 Hist.
989 2325 1049 2374 Lib.
1071 2339 1108 2388 ¹9·
1128 2340 1192 2392 cap.
1204 2327 1228 2374 8.

237 2393 286 2444 sub
304 2392 349 2442 fin.
378 2388 533 2461 lepidium,
552 2389 669 2508 {plantae
685 2387 794 2458 genus),
803 2389 957 2458 fruticibus
975 2391 1116 2442 obtendere
1135 2391 1229 2442 dicen·
1283 2403 1284 2410 ¹

237 2471 301 2526 tem,
321 2462 347 2510 ss'
360 2479 416 2510 non
427 2460 540 2510 saevitia
573 2462 648 2510 iemis
657 2462 788 2526 ingravat
800 2459 878 2526 (illud
888 2462 974 2528 ipsum
986 2459 1098 2526 scilicet)
1114 2461 1230 2528 quando
1282 2484 1283 2514 i

237 2531 498 2600 impatientissimum
518 2539 559 2577 est
568 2527 722 2598 frigorum.
746 2528 799 2578 Vel
815 2529 893 2578 nimis
913 2525 1024 2580 onerate¹
1043 2537 1090 2592 est,
1110 2536 1138 2577 ut
1152 2527 1230 2596 apud

237 2599 365 2663 Statium,
385 2595 471 2648 Theb.
488 2597 548 2646 Lib.
572 2599 596 2648 5.
615 2615 637 2647 v.
655 2595 714 2662 410.
1200 2625 1202 2631 v

374 2701 382 2716 .
418 2701 424 2715 .
462 2701 469 2715 .
503 2666 626 2716 Attonito
650 2665 803 2716 manifestus
819 2666 845 2715 in
867 2665 970 2731 agmine
986 2663 1066 2732 supra
1084 2672 1123 2714 est
1280 2673 1281 2725 t

373 2733 638 2802 Amphitryoniades,
660 2750 828 2804 puppemque
849 2734 964 2784 alternus
982 2733 1107 2800 utrinque

370 2801 500 2852 lnvrarat.

235 2869 289 2922 Ssd
309 2879 335 2922 et
353 2839 477 2935 Seriius,
496 2868 567 2920 hunc
584 2869 704 2936 Virgilii,
723 2871 789 2920 Aen.
807 2870 867 2921 Lib.
889 2887 928 2921 ιι.
946 2888 968 2920 v.
987 2883 1045 2922 220.
1064 2869 1153 2934 locum
1180 2886 1226 2920 ex·
1278 2867 1279 2933 l

234 2941 351 3008 plicans:
1277 2953 1278 3039 ,

277 3063 280 3068 ¹
368 3006 488 3072 Ingravat
505 3004 571 3057 haec
590 3022 680 3056 saevus
698 3005 827 3058 Drances:

233 3072 308 3124 Idest
318 3110 327 3136 ,
345 3075 446 3142 inquit,
465 3072 685 3142 grauiorasaeit
702 3084 726 3122 et
745 3085 852 3126 onerat.
872 3073 951 3124 Canis
969 3089 1033 3140 ergo
1053 3075 1097 3123 ille
1108 3073 1223 3123 Phaedri
1276 3065 1277 3143 l

137 3137 139 3144 ’
234 3144 367 3194 venaticus
384 3146 512 3208 languere
531 3146 621 3211 coepit
638 3151 750 3211 propter
766 3159 859 3209 annos,
877 3143 923 3210 qui
939 3145 1025 3211 ipsum
1043 3141 1224 3209 ingravabant,
1273 3157 1276 3247 A

233 3209 261 3257 id
280 3219 334 3276 est,
354 3227 459 3278 gravem
476 3211 633 3280 tardumque
650 3210 807 3261 reddebant.

257 3367 265 3382 ·
298 3349 302 3355 ⁸
369 3355 448 3417 Fab.
466 3359 505 3418 x.
526 3355 566 3421 V.
586 3374 617 3437 7·
639 3355 698 3418 Cui
718 3375 814 3418 senex
835 3335 1091 3420 eontra'Latrans

233 3463 304 3514 llaec
323 3469 363 3514 est
381 3462 463 3526 lectio
482 3461 654 3528 manuscripti
670 3462 807 3526 utriusque
819 3459 937 3525 Codicis,
956 3470 982 3512 et
1000 3460 1146 3512 editionum
1162 3475 1218 3506 om-

231 3531 324 3594 nium,
343 3545 411 3597 quae
429 3526 462 3576 ad
481 3542 576 3577 annum
596 3545 678 3594 usque
696 3539 767 3592 1701.
785 3528 961 3595 prodierunt:
980 3547 1033 3596 quo
1052 3543 1120 3578 anno
1139 3525 1218 3576 David

205 3633 206 3638 =
231 3598 456 3665 lloogstratanus‚
482 3595 605 3646 hortante
623 3595 688 3646 lano
705 3594 886 3661 Broukhusio,
903 3599 1025 3666 reposuit
1042 3595 1219 3648 cuiLatrans
