2678 3978
507 467 585 510 vanu
606 463 764 508 ennnnnt.
1043 443 1145 509 xxm

136 609 161 669 l.
183 604 305 670 Fabula
324 609 360 670 ll.
382 608 547 671 Tiberium
569 604 689 679 notari,
709 624 773 666 non
793 601 976 686 Caligulam.
1017 606 1145 668 Etenim
1191 615 1199 623 “

137 705 179 766 ad
203 704 384 782 Tiberium,
408 717 483 790 post
502 724 663 766 secessum
685 702 717 762 in
739 700 876 782 Capreas
896 702 1028 763 insulam
1048 702 1146 764 vitam

138 800 310 882 degentem
331 801 466 863 inertem
491 813 588 883 atque
619 798 828 874 desidiosam,
859 809 893 859 et
914 819 974 880 per
997 800 1146 860 Seianum

90 928 93 934 ·
138 896 346 958 insatiabilem
364 900 546 980 explentem
566 894 806 971 crudelitatem,
827 914 899 955 cum
914 914 1049 975 parvum
1062 893 1146 976 tigil-

137 992 221 1070 lum,
241 1006 310 1054 tum
329 991 467 1072 hydrum
488 1010 552 1053 non
572 993 680 1074 inepte
702 988 1010 1068 accommodaveris3
1033 989 1073 1050 ad
1087 990 1146 1050 Ca.

136 1087 267 1168 ligulam
287 1107 351 1148 non
371 1089 457 1149 item.
478 1088 578 1170 (Vide
600 1107 698 1168 supra
718 1085 851 1166 notata.)
893 1086 938 1145 At
958 1083 1041 1146 enim
1061 1083 1146 1165 peri·

137 1169 283 1246 culosnm
306 1197 391 1259 erat,
420 1185 581 1247 virentem
603 1185 832 1265 imperatorem
852 1180 1030 1240 immiscere
1053 1177 1146 1238 fabu-

135 1277 185 1340 lis.
203 1313 244 1324 -
267 1281 489 1361 Imprudentes·
512 1279 545 1340 id
567 1281 646 1342 fecit
670 1278 855 1355 Phaedrus,
879 1276 986 1340 fateor
993 1295 1003 1353 3
1028 1285 1061 1338 at
1081 1294 1146 1336 non

135 1373 217 1436 fecit
244 1375 391 1458 impune3
421 1378 482 1438 etsi
509 1378 701 1452 nesciamus,
731 1375 807 1460 quis
833 1375 922 1438 deus.
940 1393 981 1434 ex
1003 1371 1147 1436 machina

134 1488 228 1546 cum,
253 1471 279 1530 si
295 1473 379 1533 vitae
395 1473 472 1534 adiit
484 1471 674 1547 discrimen,
695 1469 891 1538 liberaverit.
905 1507 947 1518 -
960 1473 1145 1534 Burmanno

69 1555 72 1560 ’
116 1565 302 1626 ,Ρὴαεᾱτιιε
318 1565 440 1644 'l'iberii
454 1579 557 1629 aetate
571 1569 688 1632 vixisse
703 1567 882 1645 videbatur,
905 1568 1146 1651 maurinensis

132 1657 312 1744 provectae
333 1663 496 1725 admotum
517 1666 626 1726 aetatis
639 1662 696 1724 has
715 1663 840 1724 fabulas
856 1653 1073 1744 composuisse
1086 1685 1146 1746 pu-

132 1767 240 1832 taret,
260 1767 296 1816 nt
317 1775 335 1816 e
358 1757 447 1818 Libri
464 1759 514 1818 111.
530 1759 614 1840 Epil.
630 1769 664 1818 et
682 1759 718 1816 L.
735 1759 775 1820 V.
789 1759 826 1816 F.
843 1759 882 1816 X.
899 1769 1062 1838 appareat,
1078 1776 1145 1842 qno

125 1865 284 1933 tempore
304 1850 504 1935 potissimum
526 1851 706 1935 scripserit,
729 1848 855 1919 definiri
878 1849 931 1911 vix
951 1869 1046 1931 posse
1071 1870 1146 1918 can·
1255 1859 1260 1866 ’

57 1969 60 1974 ·
134 1947 297 2008 tenderet·
318 1947 354 2025 11)
396 1947 468 2014 Etsi
490 1969 567 2010 vcro
591 1953 689 2032 poiita
709 1947 793 2028 Epil.
811 1948 848 2006 L.
871 1948 921 2007 111.
953 1967 998 2014 ro.
1041 1947 1146 2029 (Alias

133 2044 173 2103 L.
195 2045 247 2108 lV.
269 2045 307 2102 F.
331 2044 432 2108 XXV.
459 2044 519 2125 ιο.)
549 2045 677 2107 scribit:
704 2044 788 2109 vita
814 2044 938 2106 morti
969 2046 1145 2128 propior

133 2149 200 2197 est
227 2139 433 2220 quotidie3
470 2155 503 2202 et
532 2160 625 2202 mont
668 2139 904 2222 languentis
933 2143 1023 2204 aevi
1054 2144 1145 2207 dnm

134 2245 230 2294 sunt
255 2234 419 2317 aliquae
440 2235 662 2319 reliquiae3
692 2235 778 2296 idem
800 2247 907 2301 tamen
930 2237 1019 2299 addit
1040 2259 1071 2300 v.
1097 2240 1143 2310 16,

138 2330 291 2406 17.olirn
318 2329 431 2392 senio
448 2329 626 2399 debilem
646 2331 805 2393 frustra
826 2333 1018 2395 adiuvere
1034 2333 1144 2396 bonl-

20 2478 24 2482 ,
135 2435 195 2484 tas
215 2426 374 2485 nitetur
395 2437 471 2484 tua.
502 2427 551 2486 Ex
569 2448 636 2509 quo
656 2439 745 2487 recte
766 2438 874 2507 potest
895 2429 1020 2510 colligi,
1040 2431 1143 2492 Phae·

135 2519 229 2580 drum
250 2531 333 2593 turn,
354 2539 426 2582 curn
441 2521 613 2604 Epilogum
629 2521 666 2586 L.
687 2521 738 2583 lll.
758 2522 872 2583 litteris
892 2523 1067 2604 mandaret,
1089 2547 1144 2596 ne-

135 2636 200 2700 que
229 2635 339 2676 senem
359 2616 475 2693 l'nisse,
493 2637 604 2700 neque
636 2609 724 2676 senio
745 2620 935 2700 proximum.
975 2615 1086 2704 ltaque
1107 2618 1142 2681 td

134 2713 331 2796 languens
352 2731 492 2775 aerum
516 2735 546 2776 v.
571 2715 615 2776 15.
638 2714 718 2776 dicti
736 2715 864 2802 Epilog.
887 2735 951 2774 non
971 2715 1013 2775 de
1034 2736 1144 2778 senec·

135 2821 222 2887 tute,
249 2808 308 2870 sed
332 2807 396 2868 vita
421 2807 576 2886 Phaedri,
607 2810 814 2874 anoniornm
835 2808 1008 2878 insolentiis
1028 2833 1143 2894 pressa

136 2906 190 2985 (vr
205 2902 270 2981 31.)
294 2913 328 2962 et
347 2922 497 2967 moerore
524 2906 689 2984 confecta,
716 2905 852 2989 intelligi
877 2925 971 2988 qosse
998 2909 1142 2976 videtur:

136 3001 178 3062 de
202 3021 267 3084 quo
292 3019 351 3064 suo
371 3000 445 3061 loco
467 3001 560 3087 plura
579 2980 735 3073 dieantur.
776 3005 803 3066 F
806 3022 842 3063 ac
865 3002 977 3079 etiam,
1001 3003 1072 3070 Lib.
1100 3006 1141 3070 V.

131 3093 214 3163 Feb.
236 3095 274 3155 X.
296 3095 337 3156 de
357 3095 473 3160 fabulis
495 3099 651 3177 Phaedri,
679 3121 799 3162 summa
822 3109 988 3160 senectute
1012 3118 1143 3182 compo-

136 3191 220 3266 sitis,
242 3212 312 3253 esse
333 3195 534 3277 capiendam
557 3197 616 3258 etsi
638 3197 700 3258 alio
719 3217 850 3282 quoqne
871 3193 1141 3275 modo-explicari
1233 3201 1237 3206 ’

136 3285 253 3370 possit:
268 3288 327 3374 'vix
346 3304 452 3354 tamen
473 3296 570 3382 potita
590 3291 714 3360 fabulas
735 3293 774 3368 ad
795 3313 890 3379 unam-
910 3309 1019 3360 ornnes
1037 3301 1141 3352 aetate

141 3442 306 3457 „-

188 3516 217 3582 n)
236 3519 275 3568 Cl.
295 3519 468 3570 Burmannus
487 3523 513 3570 ln
530 3519 618 3572 Praei.
636 3520 681 3570 cit.
