2610 4002
393 483 458 526 ιιιι.
478 463 543 542 lV,
563 481 638 525 ras.
658 463 730 526 8-
743 489 788 527 ιι.

89 617 237 702 Propriis
260 621 413 705 repletam
433 622 515 685 vitiis
535 636 609 705 post
627 636 753 708 tergum
770 626 875 705 dedit,

89 699 213 759 Alienis
234 713 302 761 ante
348 714 435 768 ectus
459 703 620 785 suspendit
641 725 780 786 gravem.

132 771 202 840 Hac
221 800 258 841 re
278 781 311 842 vi
334 803 390 842 ere
410 794 517 845 nostra
540 786 626 844 mala
638 806 702 845 non
723 806 906 867 possumus3

88 858 156 924 Alii
178 860 269 922 simul
289 860 492 948 delinquunt,
513 883 661 926 censores
681 885 795 931 sumus.
840 935 843 944 ¹

496 1019 688 1036 ἡ

511 1169 586 1212 ras.
615 1150 671 1212 XI.
713 1222 717 1228 Ι

337 1245 341 1256 ’
377 1285 444 1335 run
470 1284 567 1362 tntu
593 1285 798 1338 consutus.

91 1403 273 1466 Lucernam
292 1405 346 1468 fur
367 1406 509 1471 accendit
532 1427 572 1468 ex
592 1430 645 1468 ara
666 1408 765 1490 Iovis,

93 1489 107 1546 1
134 1505 266 1568 sumque
290 1485 472 1567 compilavit
494 1487 533 1547 ad
556 1487 661 1548 lumen
686 1509 785 1550 suum.

93 1507 237 1627 (lnustus
259 1567 315 1649 qui
334 1565 500 1649 sacrilegio
527 1588 625 1650 quum
645 1567 841 1646 discederet,

93 1649 242 1726 Repente
266 1665 380 1709 vocem
403 1657 508 1708 sancta
527 1647 611 1706 misit
630 1647 774 1728 Religio:

95 1727 254 1786 Malorum
277 1724 417 1809 quamvis
437 1725 498 1787 ista
519 1727 639 1790 fuerint
661 1747 808 1802 munera,

95 1803 240 1887 Mihique
261 1806 376 1881 mvisa,
399 1816 436 1872 ut
457 1827 522 1868 non
542 1804 687 1867 offendar
707 1804 842 1888 surripi,

98 1889 234 1961 Tamen,
256 1886 407 1963 sceleste,
429 1886 542 1968 spiritu
566 1887 690 1968 culpam
712 1886 799 1963 lues,

100 1963 187 2026 Olim
207 1987 304 2048 quum
323 1964 496 2048 adscriptus
519 1969 643 2028 venerit
665 1985 787 2048 poenae
810 1964 886 2028 dies.

100 2043 165 2106 Sed
187 2065 227 2105 ne
249 2045 329 2128 ignis
351 2057 459 2108 noster
482 2046 615 2108 facinori
634 2047 833 2140 praeluceat,

99 2126 166 2185 Per
187 2146 282 2208 quem
305 2126 463 2190 verendos
484 2126 600 2190 excolit
620 2138 721 2209 pretas
744 2127 852 2206 Deos,

99 2207 186 2270 Veto
206 2226 274 2266 esse
296 2207 365 2282 tale,
379 2206 504 2269 luminis
529 2207 764 2269 commercium.

98 2289 145 2346 Ita
164 2285 260 2346 hodie
281 2306 340 2347 nec
362 2287 524 2348 lucernam
545 2286 585 2348 de
609 2285 734 2348 flamma
753 2288 877 2366 Deirm,

99 2368 169 2426 Nec
190 2365 230 2425 de
250 2365 380 2426 lucerna
403 2365 450 2428 fas
472 2378 520 2428 est
541 2368 671 2428 accendi
691 2387 825 2429 sacrum.

143 2445 233 2534 Quot
257 2465 309 2505 res
331 2446 485 2507 contineat
504 2446 567 2508 hoc
588 2457 807 2527 argumentum
828 2448 937 2524 utiles,

100 2529 174 2587 Non
195 2524 364 2606 explicabit
384 2525 478 2603 alius,
498 2547 593 2608 quam
620 2526 674 2608 qui
695 2527 824 2605 reperit,

101 2606 137 2665 Si
159 2603 262 2666 nificat
283 2605 405 2686 primo,
428 2625 543 2687 saepe,
564 2626 643 2687 quos
667 2605 735 2685 ipse
760 2605 892 2683 alueris,

102 2627 177 2747 'rili
200 2685 334 2760 inveniri
354 2685 486 2757 maxime
511 2684 703 2748 contrarios:

103 2765 252 2827 Secundo
273 2766 426 2844 ostendit,
447 2767 569 2844 seelera
592 2786 656 2831 non
676 2765 724 2826 ira
742 2762 864 2841 Derim,

103 2849 258 2908 Fatorum
278 2845 362 2907 dicto
384 2846 442 2907 sed
463 2845 568 2927 puniri
586 2859 749 2928 tempore:
804 2898 807 2914 ,

104 2926 282 2988 Novissime
303 2925 478 3001 interdicit,
496 2947 536 2986 ne
558 2947 629 2988 cum
649 2924 793 2990 malefico

96 3009 205 3070 ,Usum
223 3004 326 3079 honus
347 3005 508 3072 consociet
528 3007 622 3076 ullius
645 3006 703 3074 rei.

100 3159 306 3176 *-

159 3233 227 3285 Fab.
245 3230 342 3300 Xl,'v.
361 3233 386 3285 3.
406 3233 569 3286 Burmannus
587 3241 675 3284 metro
691 3233 868 3284 subventurus
886 3225 957 3281 delet
975 3227 1039 3298 qui,
1056 3243 1098 3280 re·

109 3303 272 3358 centioribus
290 3304 347 3353 fere
366 3300 514 3354 editoribus
540 3302 720 3369 sequentibus.
747 3299 800 3350 Sed
825 3299 867 3348 Cl.
891 3298 1036 3349 Deshillon.
1066 3297 1100 3347 ad

109 3373 212 3427 calcem
230 3380 337 3423 nostrae
355 3369 398 3423 ed.
413 3398 448 3412 --
464 3389 492 3422 v.
512 3387 535 3438 7.
554 3370 622 3420 Cod.
634 3371 708 3420 Rem.
719 3377 787 3421 teste
796 3367 905 3420 Deshill.
919 3368 946 3418 in
957 3373 1099 3419 comment.

108 3440 162 3488 MS.
182 3439 288 3508 culpam
304 3439 355 3489 lue.
373 3467 406 3478 -
422 3456 451 3492 v.
471 3437 588 3491 meod.
606 3438 675 3489 Pith.
694 3435 821 3488 colendos
840 3436 954 3496 excolit,
974 3433 1100 3486 emenda·

110 3508 145 3556 vit
164 3507 290 3558 Pithoeus
310 3505 450 3559 verendos.
466 3537 500 3551 ι·-
527 3523 556 3558 u.
579 3505 646 3556 Cod.
664 3505 733 3556 Pith.
753 3515 781 3557 et
798 3506 899 3574 primae
917 3502 984 3554 Edd.
1003 3502 1101 3572 Itaque

113 3570 200 3640 lodie.
218 3576 311 3644 Rigalt.
328 3575 378 3643 Ed,
396 3577 430 3630 11.
450 3586 476 3632 et
494 3576 539 3632 alii
557 3573 655 3628 deinde
673 3590 780 3629 omnes:
798 3574 844 3626 Ito
860 3569 948 3626 hodie.
