2610 4002
389 491 502 536 morsu
523 492 567 536 so
589 493 791 542 russonum..
1040 486 1080 567 95

152 629 155 638 ¹
214 633 269 688 108.
287 633 375 687 Bonus
387 635 498 752 ‘apinitmus
515 649 650 704 uunquam
668 638 775 696 erranti,
792 637 947 708 obsequium
971 659 1098 698 secema

352 720 379 753 m
418 719 453 752 a.

212 783 268 836 172.
288 772 373 823 Dolor
381 720 476 851 ⁰animi¹
490 773 595 838 gravior
614 780 668 838 est,
687 791 767 842 quam
785 777 907 844 corporis
926 776 1014 829 dolor.

208 835 267 904 nid.
287 839 380 890 Gravis
398 839 477 888 animi
495 856 584 908 poena
601 849 657 906 est,
675 859 756 910 quem
773 853 834 912 post
852 845 917 896 iacti
933 848 1063 914 poenitet.

207 905 265 972 245.
284 907 379 958 Gravis
397 907 498 958 animus
519 908 628 958 dubiam
645 926 699 960 non
716 911 797 963 habet
814 914 978 965 sententiam.

205 978 264 1027 260,
282 975 424 1028 Hominem
441 976 521 1026 etiam
538 977 606 1043 frugi
624 978 708 1029 flectit
725 996 804 1048 saepe
825 983 943 1032 occasio.

206 1044 265 1094 266.
284 1042 371 1092 Homo
389 1043 469 1093 toties
488 1046 615 1109 moritur,
634 1047 739 1111 quoties
757 1049 855 1098 amittit
873 1065 943 1102 suos.

206 1113 264 1176 372.
280 1110 350 1161 Male
369 1111 486 1177 geritur,
506 1111 636 1180 quidquid
652 1115 752 1179 geritur
770 1116 895 1166 fortunae
911 1117 974 1170 fide.

120 1223 122 1229 Α
207 1180 266 1246 5⁰9·
285 1177 355 1230 Odia
373 1179 427 1231 alie
443 1181 493 1230 sub
512 1182 602 1247 vultu,
625 1181 745 1234 eliasub
764 1186 857 1238 osculo
874 1185 966 1238 latent.

384 1325 462 1388 Feb.
484 1325 512 1390 6.
537 1297 631 1392 Ἡ.
652 1329 725 1392 vide
744 1350 787 1393 ne

79 1445 218 1514 Syllabam
236 1448 264 1499 in
284 1446 343 1498 vide
360 1446 505 1499 secundam
523 1450 661 1519 corripere
676 1452 750 1504 licet.
785 1451 928 1504 Terentius
936 1450 1077 1506 Heautont.

80 1524 137 1567 act
155 1531 181 1570 a.
197 1533 235 1568 sc.
252 1519 277 1570 3.
293 1534 318 1566 v.
338 1516 394 1566 128.

219 1583 272 1634 Sed
290 1583 372 1649 heus,
389 1590 420 1633 tu
438 1581 546 1648 videsis,
565 1584 666 1651 nequid
681 1585 836 1654 imprudens
854 1602 924 1640 ruas.

79 1659 112 1704 et
127 1648 243 1720 Adelph.
261 1659 314 1705 act.
333 1650 358 1719 4
376 1667 414 1703 sc.
434 1666 461 1704 a.
481 1669 504 1702 v.
525 1669 564 1704 ιι.
583 1654 629 1718 qui
647 1668 736 1704 versus
753 1662 793 1704 est
807 1653 974 1710 trochaicus:

219 1720 355 1786 Obsecro,
372 1717 432 1770 vide
450 1736 484 1770 ne
501 1721 546 1772 ille
564 1718 616 1770 buc
631 1735 741 1789 prorsus
760 1737 788 1818 sp
806 1721 897 1772 irruat.
916 1724 973 1792 Syr.
990 1724 1078 1779 Etiam

689 1796 776 1839 taces.

77 1858 163 1922 longe
181 1856 262 1924 plura
279 1872 311 1907 ex
327 1857 424 1910 eodem
441 1856 573 1921 Auctore,
603 1864 682 1923 atque
702 1873 733 1906 ex
750 1855 847 1906 Plauto
864 1857 952 1908 afferri
969 1869 1080 1928 possent

79 1923 266 1974 huiuscemodi
285 1941 359 1976 exem
379 1926 420 1978 la:
448 1923 503 1976 Sed
521 1941 582 1975 cum
598 1925 762 1974 Burmannus
779 1923 850 1974 haud
867 1935 947 1992 neget
958 1929 1079 1980 ultimam

78 1993 110 2040 in
130 1991 189 2041 vr'rle
205 1992 334 2060 syllabam
352 1944 434 2045 uidisse
451 1991 594 2058 aliquando
612 1992 646 2042 ab
658 1991 822 2042 Auctoribus
835 1994 949 2061 antiquis
965 2011 1077 2065 correp·
1103 2009 1105 2018 ’

78 2067 153 2122 tam,
171 2059 224 2110 hoc
244 2069 333 2112 autem
345 2061 402 2113 fieri
410 2059 525 2113 Phaedri
538 2059 630 2112 seculo
641 2061 683 2110 vir
695 2061 815 2128 potuisse
828 2062 990 2117 contendat:
1003 2064 1076 2116 Anc-

79 2127 149 2176 toris
167 2128 249 2194 panio
268 2131 348 2181 etiem
366 2139 452 2184 aetate
468 2129 625 2197 posterioris
642 2130 793 2198 exemplum
809 2128 1000 2197 producemus.
1031 2133 1077 2186 Sic

80 2194 153 2246 enim
169 2197 275 2248 Persius
291 2207 341 2252 sat.
362 2216 384 2249 1.
401 2218 425 2250 v.
446 2210 501 2262 ¹07·
783 2261 786 2268 ¹

214 2263 268 2316 Sed
286 2266 351 2334 quid
369 2284 438 2336 opus
456 2273 560 2320 teneras
578 2266 700 2319 mordaci
717 2265 813 2320 radere
829 2281 893 2322 vero

167 2361 170 2366 ·
215 2326 376 2385 Auricuias?
393 2335 503 2398 videsis,
521 2351 555 2386 ne
571 2336 705 2386 Maiorum
722 2336 773 2386 tibi
790 2335 861 2386 sorte

153 2457 157 2464 Ι
213 2400 317 2452 Limina
334 2403 492 2469 frigescant:

80 2465 136 2518 Sed
154 2474 195 2531 et,
215 2470 261 2534 qui
278 2469 363 2520 multo
381 2477 444 2537 post
462 2470 582 2520 Persium
600 2472 679 2536 vixit,
697 2471 839 2538 Dionysius
857 2470 925 2523 Cato
935 2471 995 2523 Lib.
1005 2471 1031 2538 4.
1040 2473 1076 2525 de

79 2534 218 2602 moribus,
238 2535 352 2588 disticho
370 2538 411 2589 26.

214 2603 342 2655 Laudaris
360 2604 550 2673 quodcumque
564 2605 673 2674 palam,
690 2604 881 2672 quodqnmque
900 2606 1039 2676 probaris,

214 2671 272 2725 Hoc
286 2671 345 2726 side
363 2691 398 2727 ne
417 2689 526 2738 rursus,
541 2674 655 2725 levitatis
673 2675 800 2739 crimine,
821 2673 935 2727 damnes.

449 2807 526 2872 nah.
546 2809 585 2898 u,
609 2809 649 2875 v.
668 2784 697 2890 7ss
730 2807 732 2812 ’

80 2928 347 2994 EditionesPithoei,
364 2928 481 2997 Rigaltii,
499 2930 595 2995 Fabri,
613 2931 759 2998 Schefferi,
778 2939 805 2984 et
816 2932 943 2996 aliorum,
960 2928 1074 2986 babent:

214 2998 267 3050 Sed
287 2997 409 3048 sabulosa
426 3014 459 3049 ne
478 3007 608 3051 vetustate
626 3002 735 3052 elevem.

81 3067 156 3135 quod
173 3066 243 3119 sorte
261 3066 355 3120 Critici
371 3067 537 3134 posteriores
555 3068 672 3118 retinere
690 3066 856 3133 debuerunt,
883 3065 985 3132 aliquid
1009 3066 1071 3116 snb-

81 3135 232 3199 audiendo,
250 3145 283 3186 ut
298 3150 387 3186 sensus
405 3134 491 3186 soret:
509 3151 544 3185 ne
559 3137 713 3202 veritatem
731 3138 788 3189 vel:
809 3153 842 3186 ne
861 3135 904 3199 id,
922 3131 998 3200 quod
1008 3134 1072 3184 mihi

80 3203 225 3272 proposui,
245 3203 368 3268 fabulosa
384 3210 512 3254 vetustate
530 3204 639 3254 elevem.
666 3203 734 3254 Cum
750 3213 839 3272 tamen
856 3203 884 3252 in
902 3201 1004 3253 Codice
1022 3201 1071 3254 Re-

80 3273 165 3324 mensi
184 3269 287 3321 Gudius
305 3272 358 3338 legi
375 3279 502 3336 testetur,
521 3286 576 3321 non
595 3283 739 3334 vetustate,
757 3273 805 3323 scd
822 3279 995 3331 vetustatem,
1007 3286 1071 3321 cen-

80 3341 197 3402 suimus,
223 3339 337 3390 aliorum
360 3340 482 3408 exempla
500 3340 596 3405 secuti,
624 3338 708 3404 hanc,
735 3358 814 3408 quum
835 3348 1072 3406 repraesentamus,

80 3408 225 3459 lectionem
242 3405 306 3470 (sed
315 3405 476 3476 fabulosam
491 3426 524 3457 ne
544 3419 701 3458 vetustatem
719 3409 824 3476 eleves)
843 3423 899 3458 esse
917 3406 1070 3474 praeferen-

81 3475 159 3542 dam,
179 3491 247 3543 quae
264 3477 373 3543 planum
392 3476 530 3544 ceteroqui
547 3493 651 3527 sensum
669 3475 791 3529 exhibet:
811 3479 913 3527 elevare
929 3475 999 3525 enim
1016 3490 1072 3524 non

83 3545 164 3595 modo
183 3543 326 3606 infirmare,
346 3546 393 3596 sed
411 3547 491 3597 etiam
509 3553 680 3598 contemnere
698 3555 747 3611 est,
766 3554 796 3597 ut
810 3551 886 3616 patet
898 3559 932 3594 ex
943 3541 1069 3594 hocPer·
1160 3557 1162 3565 ⁸

81 3612 112 3663 sii
131 3613 253 3683 exemplo
271 3620 321 3666 sat.
343 3629 365 3667 ι.
382 3630 406 3664 v.
425 3616 450 3667 5.
783 3626 784 3630 ’
867 3643 869 3649 »
1056 3629 1063 3642 ·
