2610 4002
476 525 557 604 aaa:
574 545 714 626 28-a9.
750 597 753 604 .

451 673 561 766 ‘'irn.
582 705 712 766 xxsxs

391 849 394 868 ²
414 833 555 890 PAPILIO
579 841 625 892 ΕΤ
648 839 770 892 vEst
807 877 810 882 v

84 957 158 1042 Non¹
175 961 397 1034 praeteritam,
420 950 474 1012 sed
496 966 680 1032 praesentem
709 952 929 1033 adspiciendum
948 975 1013 1013 esse
1021 953 1091 1032 sor·

411 1048 414 1056 '
442 1089 446 1104 s
537 1045 645 1094 tunam.

84 1165 216 1246 Papilio
237 1180 367 1249 vespam
387 1159 679 1250 praetervolantem
706 1167 833 1244 videns,

6 1289 10 1300 .
85 1246 117 1306 Ο
141 1259 266 1306 sortem
287 1248 460 1330 indignam!
480 1247 645 1309 hominum
664 1248 705 1309 de
726 1258 850 1324 mente,
871 1247 931 1325 ait',
950 1260 1052 1328 satus,

86 1327 242 1410 Quorum
263 1348 303 1388 ex
323 1327 466 1410 reliquiis
489 1329 620 1390 animam
640 1348 699 1388 nos
723 1328 920 1408 accepimus,

86 1410 161 1488 Ego
185 1409 339 1490 eloquens
359 1408 391 1468 in
413 1427 511 1489 pace,
533 1407 627 1468 tortis
648 1407 798 1497 praeliis,

85 1490 170 1548 Arte
193 1488 280 1550 omni
300 1488 449 1568 princeps
471 1489 630 1570 quondam
650 1488 731 1550 heul
755 1486 857 1572 qualis
878 1485 947 1551 fuit
1050 1490 1093 1570 “6

86 1569 138 1626 Fm
161 1579 276 1628 cuncta
299 1567 408 1628 levitas
427 1568 530 1648 putris
554 1579 587 1628 et
608 1568 706 1629 volito
728 1569 814 1630 cinis.

85 1651 155 1724 Tu,
182 1647 242 1730 qui
262 1647 353 1714 l'uisti
373 1652 476 1708 mulus
498 1647 700 1725 clitellarius,
787 1709 790 1716 ,

56 1760 59 1767 -
87 1729 325 1810 Quemcunque
352 1728 451 1803 visum
472 1739 521 1787 est
541 1727 640 1790 laedis
665 1725 729 1790 fixo
752 1727 873 1789 aculeo.

86 1811 130 1868 Et
156 1827 257 1887 vespa
278 1807 404 1888 diguam
423 1805 565 1868 moribus
588 1827 701 1868 vocem
723 1808 843 1869 ediditt-
1115 1857 1118 1860 .

52 1891 59 1912 ⁸
86 1891 160 1950 Non
182 1887 240 1971 qui
260 1886 432 1966 fuerimus,
452 1887 511 1948 sed
534 1887 692 1976 quincue
712 1889 809 1950 simus
827 1887 911 1952 vide.
1058 1915 1093 1958 ιο

109 2053 291 2066 ——nn

142 2150 215 2204 Fae.
235 2152 338 2218 XXIX,
356 2154 404 2204 Est
422 2153 490 2206 llaec
507 2156 598 2206 fabula
616 2156 712 2206 mirum
731 2157 758 2206 ln
776 2154 888 2206 modum
905 2153 994 2213 lacera
1006 2173 1034 2214 et
1045 2166 1094 2215 ol).

88 2236 175 2272 scura.
210 2219 279 2270 Mihi
304 2225 331 2271 in'
358 2221 398 2273 his
422 2225 541 2274 tenebris
566 2223 667 2291 aliquid
690 2225 757 2278 lucia
784 2235 920 2292 emergere
937 2231 1056 2300 videtur,
1073 2237 1096 2284 si

89 2301 232 2370 statulmus
259 2297 431 2366 papilionem
465 2301 571 2368 (graece
596 2287 718 2374 ψυχήν)
736 2305 763 2353 in
790 2305 839 2356 hac
865 2306 955 2358 sabula
974 2313 1095 2379 elcapite

90 2368 208 2419 hominis
233 2370 331 2427 mortui
349 2373 436 2419 ortum
454 2373 664 2440 repraesentari,
686 2373 775 2442 quod,
798 2377 1027 2430 considerantibus
1046 2400 1095 2431 no·

90 2437 133 2486 bis
151 2442 253 2487 nomen
273 2435 349 2486 huius
366 2437 498 2490 bestiolae
524 2455 650 2506 graecum
672 2443 699 2492 et
722 2439 942 2508 significationem
965 2449 1093 2514 symboli-

91 2520 151 2555 cam
169 2504 225 2572 (Cf.
245 2504 369 2554 Cteuzeri
389 2507 506 2574 Symbol.
526 2516 551 2557 et
570 2507 681 2574 Mytliol.
697 2513 775 2560 Tem.
790 2510 810 2558 l.
826 2529 853 2579 p.
871 2523 926 2577 107.
939 2515 984 2563 III.
995 2533 1022 2582 p,
1033 2517 1095 2586 568)

92 2589 146 2622 non
167 2575 249 2640 plane
265 2574 380 2622 alienum
399 2575 482 2626 videri
502 2577 595 2642 possit.
629 2579 815 2630 Eosersusd
840 2577 1038 2649 etlpspectare
1059 2588 1096 2635 vi·
1181 2621 1183 2629 s

92 2640 199 2691 dentur.
234 2642 274 2690 De
296 2653 371 2708 equo*
395 2647 468 2694 certe
491 2644 616 2711 quidem,
635 2644 706 2695 unde
726 2639 844 2696 dessilus
865 2651 1028 2716 papilionem
1050 2671 1096 2702 na-

92 2712 149 2757 tum
166 2707 243 2774 fingit
261 2725 316 2758 non
334 2712 416 2776 magis
435 2721 510 2762 certo
533 2715 650 2764 constat.
686 2715 760 2764 Hanc
776 2715 855 2780 igitur
874 2730 961 2768 meam
987 2723 1082 2772 coniec

92 2783 181 2826 turam
199 2794 313 2844 sequens
332 2779 479 2830 secundum
497 2797 601 2831 versum
620 2784 763 2834 restituere
787 2786 896 2833 tentavi.
933 2787 993 2851 Qua
1015 2789 1048 2838 de
1067 2798 1097 2839 to

94 2861 148 2910 quo
167 2846 264 2895 melius
284 2845 396 2896 iudicari
414 2851 499 2916 possit
519 2843 671 2900 adscribam
687 2867 733 2901 sex
751 2852 853 2918 primos
873 2852 978 2904 tabulae
998 2867 1095 2918 versus,

95 2915 187 2977 quales
206 2913 235 2962 ln
256 2912 523 2978 Codiee‚tanne11io
542 2917 627 2984 teste,
646 2915 793 2986 habentur,
813 2920 1018 2974 lumEditorum
1031 2939 1095 2976 coti⁴

96 2979 208 3032 lecturis
226 2983 317 3048 quales
334 2982 420 3036 relicti
438 2991 509 3035 sunt.

201 3049 311 3118 Papilio
334 3051 447 3122 Vespam
461 3071 547 3122 pn...
561 3091 582 3104 ..
605 3056 701 3105 vim

201 3117 344 3168 Osartem
361 3120 713 3174 ...·.d..am.b'a.t..s.

202 3184 325 3246 Quorum
347 3205 381 3236 ex
399 3187 597 3241 r·e.ss..rn.os
616 3208 634 3242 ct
644 3227 718 3243 .....

202 3247 265 3318 Ego
284 3255 399 3326 loquens
417 3258 447 3307 in
466 3276 537 3327 p...
550 3253 645 3329 fortis
662 3255 778 3330 proeliis
787 3291 797 3324 ,-

200 3323 267 3369 Arte
289 3327 364 3374 oanni
379 3327 506 3395 princeps
517 3363 523 3376 .
534 3362 558 3376 ..
579 3329 671 3400 patellis
679 3329 743 3398 fni,

158 3436 160 3444 ,
198 3387 245 3436 En
263 3405 362 3443 currem
381 3394 478 3444 levitas
494 3397 588 3464 putris
607 3409 634 3446 et
654 3399 728 3448 vol..
740 3433 747 3448 .
758 3393 792 3449 is.
877 3455 880 3464 ‚

100 3449 209 3505 Restitul
236 3457 393 3514 lannellius:

205 3523 316 3594 Popilio
339 3531 451 3600 Vespum
467 3545 578 3602 praeter
598 3531 753 3586 volitantem
773 3533 883 3600 videns,

207 3592 230 3639 0
249 3606 350 3645 sortem
369 3602 506 3662 miserum,
526 3601 636 3654 ductam
659 3603 692 3654 de
711 3603 868 3668 dormieris,
886 3605 940 3657 ait:

207 3661 333 3728 Quorum
350 3684 384 3716 ex
403 3669 525 3740 reliquiis
544 3674 662 3724 arrianam
679 3674 836 3744 accepimus.
