2610 4002
365 511 430 554 nm.
453 491 513 570 IV,
535 509 610 551 rae.
637 499 778 565 12—14.
852 537 855 550 .

54 658 144 718 Dixit
151 679 162 737 3
185 656 381 740 prehensam
429 673 448 714 o
467 649 619 712 laceravit
638 647 803 732 unguibus.

55 741 248 801 Conversus
272 734 344 794 inde
368 757 384 794 a
427 730 575 807 Simiam,
598 730 726 806 eadem,
750 750 831 814 quae
851 733 957 815 prius,

54 821 209 900 Imperat.
254 817 285 875 Is
306 825 412 874 autem
432 810 558 873 doctior
579 810 663 871 visus
685 810 745 871 sibi
869 827 885 850 ⁶
1026 833 1065 876 20

55 898 219 1038 Exemplo
242 894 347 956 factus
371 893 489 969 alieno,
509 890 709 951 teterrimum

56 979 138 1038 Mitti
177 978 291 1038 'atctur
315 978 354 1034 ab
379 974 445 1036 eius
467 990 524 1033 ore
546 970 700 1050 spiritum.

56 1058 106 1118 Ad
125 1057 210 1122 haec
235 1057 290 1115 leo
337 1075 428 1116 raves
447 1049 554 1112 fronte
577 1050 722 1130 caperatai
741 1061 831 1112 notas

57 1136 249 1200 Severitatis
275 1076 441 1196 exbibens:
464 1133 587 1211 Regem
606 1141 696 1189 tuum

56 1215 108 1278 Sic
130 1229 167 1277 tu
187 1215 334 1294 vereris,
354 1211 471 1308 inquit!
492 1211 596 1293 ipsum
617 1208 770 1290 despicis!

58 1299 70 1355 1
94 1298 120 1357 si
142 1296 325 1358 innocentis
345 1295 421 1358 vit1a
441 1302 570 1352 naturae
594 1288 785 1369 exprobras!

86 1387 100 1435 t
123 1387 235 1439 morte
255 1375 369 1436 meriti
386 1373 451 1433 tale
472 1369 673 1431 commissum
693 1369 772 1430 lues.

59 1454 230 1539 Simulque
252 1457 404 1516 miserum
427 1449 572 1511 faucibus
597 1448 681 1509 elisis
701 1461 801 1512 necata

61 1535 121 1616 ita,
143 1536 238 1620 quod
260 1535 335 1618 gula
358 1528 543 1615 appetebat,
563 1525 748 1609 improbitas
770 1529 863 1590 dedit

473 1851 549 1894 nnn.
573 1831 657 1898 XIV⁶

268 1957 270 1980 i
379 1979 753 2036 rnousrnnus

457 2118 476 2156 a
654 2118 673 2157 s

556 2163 574 2203 g
661 2169 663 2172 .

65 2263 223 2331 blictione
245 2267 366 2333 veretri
385 2269 429 2331 lin
474 2291 523 2332 am
542 2271 691 2334 mulieris.

64 2345 260 2411 Affinitatem
278 2350 372 2410 traxit
387 2351 419 2410 in
443 2372 460 2411 e
483 2350 681 2412 obscenitas.¹

101 2430 243 2512 Rogavit
265 2431 362 2505 aiter,
385 2429 523 2492 tribadas
549 2439 582 2487 et
602 2432 713 2492 molles
733 2449 835 2491 mares

66 2503 156 2588 Quae
176 2511 260 2571 ratio
280 2507 503 2590 procreasset?
544 2508 701 2589 Exposuit
720 2529 824 2568 senex.

66 2585 151 2650 Idem
172 2588 403 2666 Prometheus,
427 2599 538 2650 auctor
563 2589 651 2670 vulgi
670 2587 789 2664 fictilis,
1043 2591 1064 2654 5

67 2663 131 2744 Qui
151 2668 246 2729 simul
267 2667 400 2730 offendit
421 2669 460 2730 ad
480 2669 656 2746 fortunam,
676 2669 850 2749 frangitur,

62 2745 202 2826 ¹Naturae
224 2759 348 2830 partes,
371 2760 460 2812 veste
483 2769 560 2831 quas
582 2749 663 2809 celat
681 2748 804 2830 pudor,

68 2823 175 2912 Quum
196 2827 364 2909 separatim
382 2840 449 2892 toto
470 2827 608 2888 fluxisset
628 2830 696 2906 die,

67 2907 187 2988 Aptare
205 2929 281 2970 mox
300 2918 336 2967 ut
355 2920 464 2991 posset
484 2908 674 2989 corporibus
697 2909 778 2986 suis,
1072 2951 1074 2956 ι

68 2983 116 3045 Ad
139 3006 270 3050 coenam
291 2998 339 3048 est
359 2989 504 3052 invitatus
525 2988 630 3051 subito
652 3011 670 3050 a
693 2988 821 3051 Libero«
1026 3009 1064 3050 ro

68 3061 127 3125 Ubi
146 3067 294 3151 irrigatus
311 3070 411 3131 multo
431 3089 527 3129 venas
550 3079 695 3148 nectare,

68 3139 148 3208 Sero
171 3147 299 3210 domum
315 3151 367 3210 'est
385 3165 534 3211 reversus
558 3147 701 3210 titubanti
745 3150 815 3210 ede.

69 3224 149 3286 Tum
172 3228 360 3293 semisomno
381 3228 497 3305 corde,
519 3239 552 3289 et
572 3249 685 3292 errore
707 3170 816 3308 ebrio,

69 3299 230 3388 Applicuit
248 3309 402 3393 virginale
425 3308 535 3393 generi
558 3311 716 3391 masculo,

71 3462 242 3486 ⁸*—

119 3570 184 3624 Fab.
203 3573 275 3628 xlv,
292 3577 325 3628 ab
342 3577 420 3632 initio
438 3593 533 3632 manca
551 3575 598 3629 esi.
655 3654 659 3659 .
