<?xml version="1.0" encoding="UTF-8"?>
<!DOCTYPE html PUBLIC "-//W3C//DTD XHTML 1.0 Transitional//EN"
    "http://www.w3.org/TR/xhtml1/DTD/xhtml1-transitional.dtd">
<html xmlns="http://www.w3.org/1999/xhtml" xml:lang="en" lang="en">
 <head>
  <title>
</title>
<meta http-equiv="Content-Type" content="text/html;charset=utf-8" />
  <meta name='ocr-system' content='tesseract 3.04.00' />
  <meta name='ocr-capabilities' content='ocr_page ocr_carea ocr_par ocr_line ocrx_word'/>
</head>
<body>
  <div class='ocr_page' id='page_1' title='image "./phaedriaugustil00aesogoog_0102.png"; bbox 0 0 2610 4002; ppageno 0'>
   <div class='ocr_carea' id='block_1_1' title="bbox 374 483 795 572">
    <p class='ocr_par' dir='ltr' id='par_1_1' title="bbox 374 483 795 572">
     <span class='ocr_line' id='line_1_1' title="bbox 374 483 795 572; baseline -0.017 -20"><span class='ocrx_word' id='word_1_1' title='bbox 374 505 455 572; x_wconf 5' lang='lat' dir='ltr'><strong>puts.</strong></span> <span class='ocrx_word' id='word_1_2' title='bbox 477 483 538 565; x_wconf 83' lang='lat' dir='ltr'><strong>tv,</strong></span> <span class='ocrx_word' id='word_1_3' title='bbox 559 503 633 546; x_wconf 70' lang='lat' dir='ltr'><strong>ras.</strong></span> <span class='ocrx_word' id='word_1_4' title='bbox 659 486 795 569; x_wconf 71' lang='lat' dir='ltr'><strong>aii-ru</strong></span> 
     </span>
    </p>
   </div>
   <div class='ocr_carea' id='block_1_2' title="bbox 366 619 819 868">
    <p class='ocr_par' dir='ltr' id='par_1_2' title="bbox 366 619 819 868">
     <span class='ocr_line' id='line_1_2' title="bbox 428 619 679 714; baseline 0 -7"><span class='ocrx_word' id='word_1_5' title='bbox 428 619 430 624; x_wconf 23' lang='grc' dir='ltr'>Ι</span> <span class='ocrx_word' id='word_1_6' title='bbox 499 664 574 708; x_wconf 77' lang='lat' dir='ltr'><strong>ran.</strong></span> <span class='ocrx_word' id='word_1_7' title='bbox 595 645 679 714; x_wconf 75' lang='lat' dir='ltr'><strong>xlx.</strong></span> 
     </span>
     <span class='ocr_line' id='line_1_3' title="bbox 366 764 819 868; baseline -0.002 -34"><span class='ocrx_word' id='word_1_8' title='bbox 366 783 537 868; x_wconf 54' lang='grc' dir='ltr'><strong>ινιηιηε</strong></span> <span class='ocrx_word' id='word_1_9' title='bbox 567 783 621 834; x_wconf 79' lang='lat' dir='ltr'><strong>sa</strong></span> <span class='ocrx_word' id='word_1_10' title='bbox 646 764 819 860; x_wconf 53' lang='lat' dir='ltr'><strong>unaco(</strong></span> 
     </span>
    </p>
   </div>
   <div class='ocr_carea' id='block_1_3' title="bbox 17 901 1200 2986">
    <p class='ocr_par' dir='ltr' id='par_1_3' title="bbox 17 901 1200 2986">
     <span class='ocr_line' id='line_1_4' title="bbox 79 901 870 986; baseline 0 -20"><span class='ocrx_word' id='word_1_11' title='bbox 79 901 220 986; x_wconf 78' lang='lat' dir='ltr'><strong>Vulpis,</strong></span> <span class='ocrx_word' id='word_1_12' title='bbox 245 903 351 966; x_wconf 86' lang='lat' dir='ltr'>cubile</span> <span class='ocrx_word' id='word_1_13' title='bbox 372 902 514 982; x_wconf 81' lang='lat' dir='ltr'><strong>fodiens,</strong></span> <span class='ocrx_word' id='word_1_14' title='bbox 537 902 612 964; x_wconf 90' lang='lat' dir='ltr'><strong>dum</strong></span> <span class='ocrx_word' id='word_1_15' title='bbox 631 914 751 966; x_wconf 83' lang='lat' dir='ltr'><strong>terram</strong></span> <span class='ocrx_word' id='word_1_16' title='bbox 768 904 870 985; x_wconf 85' lang='lat' dir='ltr'><strong>cruit,</strong></span> 
     </span>
     <span class='ocr_line' id='line_1_5' title="bbox 79 983 676 1068; baseline 0.002 -25"><span class='ocrx_word' id='word_1_17' title='bbox 79 983 229 1068; x_wconf 82' lang='lat' dir='ltr'><strong>Agitque</strong></span> <span class='ocrx_word' id='word_1_18' title='bbox 253 984 362 1068; x_wconf 88' lang='lat' dir='ltr'><strong>plures</strong></span> <span class='ocrx_word' id='word_1_19' title='bbox 382 984 474 1044; x_wconf 86' lang='lat' dir='ltr'><strong>altius</strong></span> <span class='ocrx_word' id='word_1_20' title='bbox 497 983 676 1062; x_wconf 79' lang='lat' dir='ltr'><strong>cuniculos,</strong></span> 
     </span>
     <span class='ocr_line' id='line_1_6' title="bbox 79 1061 852 1146; baseline 0.006 -26"><span class='ocrx_word' id='word_1_21' title='bbox 79 1063 244 1126; x_wconf 80' lang='lat' dir='ltr'><strong>Pervenit</strong></span> <span class='ocrx_word' id='word_1_22' title='bbox 263 1064 304 1124; x_wconf 87' lang='lat' dir='ltr'><strong>ad</strong></span> <span class='ocrx_word' id='word_1_23' title='bbox 325 1063 471 1126; x_wconf 87' lang='lat' dir='ltr'><strong>draconis</strong></span> <span class='ocrx_word' id='word_1_24' title='bbox 491 1063 673 1146; x_wconf 82' lang='lat' dir='ltr'><strong>speluncam</strong></span> <span class='ocrx_word' id='word_1_25' title='bbox 693 1061 852 1143; x_wconf 79' lang='lat' dir='ltr'><strong>ultimam,</strong></span> 
     </span>
     <span class='ocr_line' id='line_1_7' title="bbox 81 1143 713 1227; baseline -0.006 -19"><span class='ocrx_word' id='word_1_26' title='bbox 81 1143 298 1208; x_wconf 81' lang='lat' dir='ltr'><strong>Custodiebat</strong></span> <span class='ocrx_word' id='word_1_27' title='bbox 318 1144 373 1227; x_wconf 93' lang='lat' dir='ltr'><strong>qui</strong></span> <span class='ocrx_word' id='word_1_28' title='bbox 393 1143 560 1206; x_wconf 87' lang='lat' dir='ltr'><strong>thesauros</strong></span> <span class='ocrx_word' id='word_1_29' title='bbox 580 1143 713 1206; x_wconf 87' lang='lat' dir='ltr'><strong>abditos.</strong></span> 
     </span>
     <span class='ocr_line' id='line_1_8' title="bbox 80 1223 1088 1307; baseline 0.008 -27"><span class='ocrx_word' id='word_1_30' title='bbox 80 1223 298 1284; x_wconf 88' lang='lat' dir='ltr'><strong>Huncsimul</strong></span> <span class='ocrx_word' id='word_1_31' title='bbox 318 1223 456 1306; x_wconf 80' lang='lat' dir='ltr'><strong>aspexit:</strong></span> <span class='ocrx_word' id='word_1_32' title='bbox 479 1223 566 1299; x_wconf 71' lang='lat' dir='ltr'><strong>Oro,</strong></span> <span class='ocrx_word' id='word_1_33' title='bbox 586 1235 622 1284; x_wconf 87' lang='lat' dir='ltr'><strong>ut</strong></span> <span class='ocrx_word' id='word_1_34' title='bbox 640 1223 870 1307; x_wconf 81' lang='lat' dir='ltr'><strong>imprudentiae</strong></span> <span class='ocrx_word' id='word_1_35' title='bbox 1009 1282 1014 1288; x_wconf 84' lang='lat'>.</span> <span class='ocrx_word' id='word_1_36' title='bbox 1068 1227 1088 1288; x_wconf 86' lang='grc'><strong><em>5</em></strong></span> 
     </span>
     <span class='ocr_line' id='line_1_9' title="bbox 80 1301 963 1390; baseline 0.003 -29"><span class='ocrx_word' id='word_1_37' title='bbox 80 1301 149 1363; x_wconf 88' lang='lat' dir='ltr'><strong>Des</strong></span> <span class='ocrx_word' id='word_1_38' title='bbox 171 1304 316 1386; x_wconf 91' lang='lat' dir='ltr'><strong>primum</strong></span> <span class='ocrx_word' id='word_1_39' title='bbox 336 1303 476 1382; x_wconf 84' lang='lat' dir='ltr'><strong>veniam3</strong></span> <span class='ocrx_word' id='word_1_40' title='bbox 500 1303 640 1390; x_wconf 78' lang='lat' dir='ltr'><strong>deinde,¹</strong></span> <span class='ocrx_word' id='word_1_41' title='bbox 653 1304 679 1364; x_wconf 88' lang='lat' dir='ltr'><strong>si</strong></span> <span class='ocrx_word' id='word_1_42' title='bbox 699 1303 834 1386; x_wconf 86' lang='lat' dir='ltr'><strong>pulchre</strong></span> <span class='ocrx_word' id='word_1_43' title='bbox 856 1305 963 1383; x_wconf 83' lang='lat' dir='ltr'><strong>vides,</strong></span> 
     </span>
     <span class='ocr_line' id='line_1_10' title="bbox 114 1383 914 1463; baseline 0.005 -21"><span class='ocrx_word' id='word_1_44' title='bbox 114 1405 190 1444; x_wconf 88' lang='lat' dir='ltr'><strong>uam</strong></span> <span class='ocrx_word' id='word_1_45' title='bbox 212 1405 279 1446; x_wconf 93' lang='lat' dir='ltr'><strong>non</strong></span> <span class='ocrx_word' id='word_1_46' title='bbox 300 1385 490 1447; x_wconf 86' lang='lat' dir='ltr'><strong>conveniens</strong></span> <span class='ocrx_word' id='word_1_47' title='bbox 511 1405 622 1444; x_wconf 87' lang='lat' dir='ltr'><strong>aurum</strong></span> <span class='ocrx_word' id='word_1_48' title='bbox 643 1383 683 1444; x_wconf 86' lang='lat' dir='ltr'><strong>sit</strong></span> <span class='ocrx_word' id='word_1_49' title='bbox 704 1384 785 1446; x_wconf 84' lang='lat' dir='ltr'><strong>vitae</strong></span> <span class='ocrx_word' id='word_1_50' title='bbox 806 1405 914 1463; x_wconf 88' lang='lat' dir='ltr'><strong>meae,</strong></span> 
     </span>
     <span class='ocr_line' id='line_1_11' title="bbox 80 1379 918 1560; baseline 0.007 -39"><span class='ocrx_word' id='word_1_51' title='bbox 80 1379 296 1544; x_wconf 50' lang='lat' dir='ltr'><strong>Respondeas</strong></span> <span class='ocrx_word' id='word_1_52' title='bbox 318 1464 501 1525; x_wconf 85' lang='lat' dir='ltr'><strong>clementer.</strong></span> <span class='ocrx_word' id='word_1_53' title='bbox 543 1465 649 1558; x_wconf 76' lang='lat' dir='ltr'><strong>Quem</strong></span> <span class='ocrx_word' id='word_1_54' title='bbox 670 1463 811 1527; x_wconf 83' lang='lat' dir='ltr'><strong>fructum</strong></span> <span class='ocrx_word' id='word_1_55' title='bbox 830 1465 918 1560; x_wconf 81' lang='lat' dir='ltr'><strong>capis</strong></span> 
     </span>
     <span class='ocr_line' id='line_1_12' title="bbox 81 1543 944 1628; baseline 0.005 -26"><span class='ocrx_word' id='word_1_56' title='bbox 81 1543 155 1604; x_wconf 86' lang='lat' dir='ltr'><strong>Hoc</strong></span> <span class='ocrx_word' id='word_1_57' title='bbox 177 1543 370 1620; x_wconf 65' lang='lat' dir='ltr'><strong>analaborc,</strong></span> <span class='ocrx_word' id='word_1_58' title='bbox 392 1543 520 1626; x_wconf 85' lang='lat' dir='ltr'><strong>quodve</strong></span> <span class='ocrx_word' id='word_1_59' title='bbox 542 1555 662 1604; x_wconf 89' lang='lat' dir='ltr'><strong>tantum</strong></span> <span class='ocrx_word' id='word_1_60' title='bbox 683 1554 732 1605; x_wconf 89' lang='lat' dir='ltr'><strong>est</strong></span> <span class='ocrx_word' id='word_1_61' title='bbox 751 1565 944 1628; x_wconf 77' lang='lat' dir='ltr'><strong>praemium,</strong></span> 
     </span>
     <span class='ocr_line' id='line_1_13' title="bbox 81 1619 1200 1706; baseline 0.006 -26"><span class='ocrx_word' id='word_1_62' title='bbox 81 1619 124 1681; x_wconf 86' lang='lat' dir='ltr'><strong>Ut</strong></span> <span class='ocrx_word' id='word_1_63' title='bbox 144 1642 260 1685; x_wconf 88' lang='lat' dir='ltr'><strong>careas</strong></span> <span class='ocrx_word' id='word_1_64' title='bbox 280 1643 409 1698; x_wconf 87' lang='lat' dir='ltr'><strong>somno,</strong></span> <span class='ocrx_word' id='word_1_65' title='bbox 431 1634 464 1684; x_wconf 88' lang='lat' dir='ltr'><strong>et</strong></span> <span class='ocrx_word' id='word_1_66' title='bbox 485 1644 597 1692; x_wconf 87' lang='lat' dir='ltr'><strong>aevum</strong></span> <span class='ocrx_word' id='word_1_67' title='bbox 617 1623 649 1684; x_wconf 93' lang='lat' dir='ltr'><strong>in</strong></span> <span class='ocrx_word' id='word_1_68' title='bbox 671 1624 808 1686; x_wconf 88' lang='lat' dir='ltr'><strong>tenebris</strong></span> <span class='ocrx_word' id='word_1_69' title='bbox 831 1625 1013 1706; x_wconf 85' lang='lat' dir='ltr'><strong>exigas?-</strong></span> <span class='ocrx_word' id='word_1_70' title='bbox 1052 1647 1088 1690; x_wconf 86' lang='grc' dir='ltr'><strong>ιο</strong></span> <span class='ocrx_word' id='word_1_71' title='bbox 1193 1621 1200 1684; x_wconf 78' lang='grc'><strong>.’</strong></span> 
     </span>
     <span class='ocr_line' id='line_1_14' title="bbox 82 1700 938 1786; baseline 0.006 -26"><span class='ocrx_word' id='word_1_72' title='bbox 82 1701 235 1781; x_wconf 78' lang='lat' dir='ltr'><strong>Nullum,</strong></span> <span class='ocrx_word' id='word_1_73' title='bbox 257 1702 359 1786; x_wconf 85' lang='lat' dir='ltr'><strong>inquit</strong></span> <span class='ocrx_word' id='word_1_74' title='bbox 377 1703 450 1780; x_wconf 83' lang='lat' dir='ltr'><strong>ille3</strong></span> <span class='ocrx_word' id='word_1_75' title='bbox 471 1723 584 1764; x_wconf 84' lang='lat' dir='ltr'><strong>verum</strong></span> <span class='ocrx_word' id='word_1_76' title='bbox 601 1700 663 1764; x_wconf 91' lang='lat' dir='ltr'><strong>hoc</strong></span> <span class='ocrx_word' id='word_1_77' title='bbox 684 1719 842 1766; x_wconf 80' lang='lat' dir='ltr'><strong>nsummo</strong></span> <span class='ocrx_word' id='word_1_78' title='bbox 862 1703 938 1765; x_wconf 91' lang='lat' dir='ltr'><strong>mihi</strong></span> 
     </span>
     <span class='ocr_line' id='line_1_15' title="bbox 82 1780 917 1863; baseline 0.005 -24"><span class='ocrx_word' id='word_1_79' title='bbox 82 1780 159 1845; x_wconf 77' lang='lat' dir='ltr'><strong>lore</strong></span> <span class='ocrx_word' id='word_1_80' title='bbox 181 1781 371 1844; x_wconf 78' lang='lat' dir='ltr'><strong>attributum</strong></span> <span class='ocrx_word' id='word_1_81' title='bbox 395 1795 452 1843; x_wconf 89' lang='lat' dir='ltr'><strong>est.</strong></span> <span class='ocrx_word' id='word_1_82' title='bbox 471 1819 512 1829; x_wconf 93' lang='lat'><em>-</em></span> <span class='ocrx_word' id='word_1_83' title='bbox 534 1783 624 1863; x_wconf 87' lang='lat' dir='ltr'><strong>Ergo</strong></span> <span class='ocrx_word' id='word_1_84' title='bbox 644 1801 705 1844; x_wconf 89' lang='lat' dir='ltr'><strong>nee</strong></span> <span class='ocrx_word' id='word_1_85' title='bbox 726 1783 821 1844; x_wconf 86' lang='lat' dir='ltr'><strong>sumis</strong></span> <span class='ocrx_word' id='word_1_86' title='bbox 840 1782 917 1859; x_wconf 80' lang='lat' dir='ltr'><strong>tibi,</strong></span> 
     </span>
     <span class='ocr_line' id='line_1_16' title="bbox 80 1860 1035 1948; baseline 0.008 -30"><span class='ocrx_word' id='word_1_87' title='bbox 80 1861 148 1926; x_wconf 82' lang='lat' dir='ltr'><strong>Neo</strong></span> <span class='ocrx_word' id='word_1_88' title='bbox 170 1862 233 1925; x_wconf 91' lang='lat' dir='ltr'><strong>ulli</strong></span> <span class='ocrx_word' id='word_1_89' title='bbox 255 1863 352 1925; x_wconf 89' lang='lat' dir='ltr'><strong>donas</strong></span> <span class='ocrx_word' id='word_1_90' title='bbox 397 1860 566 1948; x_wconf 87' lang='lat' dir='ltr'><strong>nicquam?</strong></span> <span class='ocrx_word' id='word_1_91' title='bbox 586 1897 627 1907; x_wconf 89' lang='lat'><em>-</em></span> <span class='ocrx_word' id='word_1_92' title='bbox 647 1861 700 1923; x_wconf 91' lang='lat' dir='ltr'><strong>Sic</strong></span> <span class='ocrx_word' id='word_1_93' title='bbox 721 1861 794 1926; x_wconf 86' lang='lat' dir='ltr'><strong>i&#39;atis</strong></span> <span class='ocrx_word' id='word_1_94' title='bbox 816 1863 932 1946; x_wconf 81' lang='lat' dir='ltr'><strong>placet.</strong></span> <span class='ocrx_word' id='word_1_95' title='bbox 948 1900 989 1916; x_wconf 88' lang='lat'><strong>-··</strong></span> <span class='ocrx_word' id='word_1_96' title='bbox 1029 1885 1035 1896; x_wconf 74' lang='lat'><strong><em>‘</em></strong></span> 
     </span>
     <span class='ocr_line' id='line_1_17' title="bbox 81 1883 681 2026; baseline 0.012 -27"><span class='ocrx_word' id='word_1_97' title='bbox 81 1940 165 2004; x_wconf 88' lang='lat' dir='ltr'><strong>Nolo</strong></span> <span class='ocrx_word' id='word_1_98' title='bbox 188 1943 355 2024; x_wconf 80' lang='lat' dir='ltr'><strong>irascaris,</strong></span> <span class='ocrx_word' id='word_1_99' title='bbox 374 1883 480 2004; x_wconf 68' lang='lat' dir='ltr'><strong>¹bbere</strong></span> <span class='ocrx_word' id='word_1_100' title='bbox 502 1942 529 2003; x_wconf 92' lang='lat' dir='ltr'><strong>si</strong></span> <span class='ocrx_word' id='word_1_101' title='bbox 551 1942 681 2026; x_wconf 74' lang='lat' dir='ltr'><strong>dixero:</strong></span> 
     </span>
     <span class='ocr_line' id='line_1_18' title="bbox 81 2017 1087 2107; baseline 0.005 -28"><span class='ocrx_word' id='word_1_102' title='bbox 81 2017 151 2083; x_wconf 89' lang='lat' dir='ltr'><strong>Diis</strong></span> <span class='ocrx_word' id='word_1_103' title='bbox 174 2033 227 2084; x_wconf 89' lang='lat' dir='ltr'><strong>est</strong></span> <span class='ocrx_word' id='word_1_104' title='bbox 248 2021 334 2083; x_wconf 84' lang='lat' dir='ltr'><strong>iratis</strong></span> <span class='ocrx_word' id='word_1_105' title='bbox 354 2033 461 2100; x_wconf 85' lang='lat' dir='ltr'><strong>natus,</strong></span> <span class='ocrx_word' id='word_1_106' title='bbox 485 2023 540 2107; x_wconf 93' lang='lat' dir='ltr'><strong>qui</strong></span> <span class='ocrx_word' id='word_1_107' title='bbox 561 2021 737 2083; x_wconf 90' lang='lat' dir='ltr'><strong>estsimilis</strong></span> <span class='ocrx_word' id='word_1_108' title='bbox 758 2019 826 2083; x_wconf 86' lang='lat' dir='ltr'><strong>tibi.</strong></span> <span class='ocrx_word' id='word_1_109' title='bbox 1051 2028 1087 2094; x_wconf 78' lang='lat'><strong>15</strong></span> 
     </span>
     <span class='ocr_line' id='line_1_19' title="bbox 121 2101 812 2186; baseline 0 -24"><span class='ocrx_word' id='word_1_110' title='bbox 121 2101 282 2164; x_wconf 75' lang='lat' dir='ltr'><strong>Abiturus</strong></span> <span class='ocrx_word' id='word_1_111' title='bbox 303 2101 396 2181; x_wconf 77' lang='lat' dir='ltr'><strong>illuc,</strong></span> <span class='ocrx_word' id='word_1_112' title='bbox 418 2124 482 2185; x_wconf 93' lang='lat' dir='ltr'><strong>quo</strong></span> <span class='ocrx_word' id='word_1_113' title='bbox 503 2103 629 2186; x_wconf 78' lang='lat' dir='ltr'><strong>priores</strong></span> <span class='ocrx_word' id='word_1_114' title='bbox 652 2101 812 2180; x_wconf 86' lang='lat' dir='ltr'><strong>abierunt,</strong></span> 
     </span>
     <span class='ocr_line' id='line_1_20' title="bbox 81 2177 929 2268; baseline 0.007 -26"><span class='ocrx_word' id='word_1_115' title='bbox 81 2177 171 2260; x_wconf 81' lang='lat' dir='ltr'><strong>Quid</strong></span> <span class='ocrx_word' id='word_1_116' title='bbox 193 2193 302 2244; x_wconf 87' lang='lat' dir='ltr'><strong>mente</strong></span> <span class='ocrx_word' id='word_1_117' title='bbox 323 2202 418 2248; x_wconf 89' lang='lat' dir='ltr'><strong>caeca</strong></span> <span class='ocrx_word' id='word_1_118' title='bbox 438 2184 588 2245; x_wconf 88' lang='lat' dir='ltr'><strong>miserum</strong></span> <span class='ocrx_word' id='word_1_119' title='bbox 608 2195 741 2268; x_wconf 80' lang='lat' dir='ltr'><strong>torques</strong></span> <span class='ocrx_word' id='word_1_120' title='bbox 762 2183 929 2266; x_wconf 86' lang='lat' dir='ltr'><strong>spiritum?</strong></span> 
     </span>
     <span class='ocr_line' id='line_1_21' title="bbox 82 2255 821 2357; baseline 0.007 -38"><span class='ocrx_word' id='word_1_121' title='bbox 82 2255 157 2322; x_wconf 78' lang='lat' dir='ltr'><strong>Tibi</strong></span> <span class='ocrx_word' id='word_1_122' title='bbox 179 2263 273 2339; x_wconf 77' lang='lat' dir='ltr'><strong>dico,</strong></span> <span class='ocrx_word' id='word_1_123' title='bbox 294 2263 418 2342; x_wconf 86' lang='lat' dir='ltr'><strong>Avare,</strong></span> <span class='ocrx_word' id='word_1_124' title='bbox 440 2263 590 2357; x_wconf 88' lang='lat' dir='ltr'><strong>gaudium</strong></span> <span class='ocrx_word' id='word_1_125' title='bbox 609 2262 737 2325; x_wconf 86' lang='lat' dir='ltr'><strong>heredis</strong></span> <span class='ocrx_word' id='word_1_126' title='bbox 757 2265 821 2343; x_wconf 80' lang='lat' dir='ltr'><strong>tui,</strong></span> 
     </span>
     <span class='ocr_line' id='line_1_22' title="bbox 115 2340 862 2426; baseline 0.009 -24"><span class='ocrx_word' id='word_1_127' title='bbox 115 2342 149 2402; x_wconf 93' lang='lat' dir='ltr'><strong>ui</strong></span> <span class='ocrx_word' id='word_1_128' title='bbox 168 2354 246 2403; x_wconf 87' lang='lat' dir='ltr'><strong>ture</strong></span> <span class='ocrx_word' id='word_1_129' title='bbox 268 2340 427 2426; x_wconf 83' lang='lat' dir='ltr'><strong>Superos,</strong></span> <span class='ocrx_word' id='word_1_130' title='bbox 447 2365 550 2425; x_wconf 78' lang='lat' dir='ltr'><strong>ipsum</strong></span> <span class='ocrx_word' id='word_1_131' title='bbox 569 2355 601 2404; x_wconf 87' lang='lat' dir='ltr'><strong>te</strong></span> <span class='ocrx_word' id='word_1_132' title='bbox 621 2342 748 2406; x_wconf 79' lang='lat' dir='ltr'><strong>fraudas</strong></span> <span class='ocrx_word' id='word_1_133' title='bbox 770 2345 843 2409; x_wconf 86' lang='lat' dir='ltr'><strong>cibo</strong></span> <span class='ocrx_word' id='word_1_134' title='bbox 850 2367 862 2424; x_wconf 74' lang='lat'>5</span> 
     </span>
     <span class='ocr_line' id='line_1_23' title="bbox 115 2422 1086 2505; baseline 0.007 -24"><span class='ocrx_word' id='word_1_135' title='bbox 115 2422 149 2482; x_wconf 91' lang='lat' dir='ltr'><strong>ui</strong></span> <span class='ocrx_word' id='word_1_136' title='bbox 169 2422 271 2484; x_wconf 91' lang='lat' dir='ltr'><strong>tristis</strong></span> <span class='ocrx_word' id='word_1_137' title='bbox 294 2423 382 2482; x_wconf 86' lang='lat' dir='ltr'><strong>audis</strong></span> <span class='ocrx_word' id='word_1_138' title='bbox 403 2423 557 2484; x_wconf 89' lang='lat' dir='ltr'><strong>musicum</strong></span> <span class='ocrx_word' id='word_1_139' title='bbox 579 2422 717 2483; x_wconf 87' lang='lat' dir='ltr'><strong>citharae</strong></span> <span class='ocrx_word' id='word_1_140' title='bbox 737 2444 865 2505; x_wconf 85' lang='lat' dir='ltr'><strong>sonum;</strong></span> <span class='ocrx_word' id='word_1_141' title='bbox 905 2463 907 2472; x_wconf 51' lang='grc' dir='ltr'><strong><em>ι</em></strong></span> <span class='ocrx_word' id='word_1_142' title='bbox 1047 2452 1086 2494; x_wconf 78' lang='lat'><strong>20</strong></span> 
     </span>
     <span class='ocr_line' id='line_1_24' title="bbox 116 2499 732 2579; baseline 0.002 -18"><span class='ocrx_word' id='word_1_143' title='bbox 116 2521 192 2564; x_wconf 89' lang='lat' dir='ltr'><strong>uem</strong></span> <span class='ocrx_word' id='word_1_144' title='bbox 213 2499 364 2563; x_wconf 89' lang='lat' dir='ltr'><strong>tibiarum</strong></span> <span class='ocrx_word' id='word_1_145' title='bbox 383 2513 523 2563; x_wconf 87' lang='lat' dir='ltr'><strong>macerat</strong></span> <span class='ocrx_word' id='word_1_146' title='bbox 541 2501 732 2579; x_wconf 87' lang='lat' dir='ltr'><strong>iucunditas3</strong></span> 
     </span>
     <span class='ocr_line' id='line_1_25' title="bbox 115 2579 887 2665; baseline 0.003 -25"><span class='ocrx_word' id='word_1_147' title='bbox 115 2579 303 2645; x_wconf 84' lang='lat' dir='ltr'><strong>bsoniorum</strong></span> <span class='ocrx_word' id='word_1_148' title='bbox 324 2581 427 2665; x_wconf 83' lang='lat' dir='ltr'><strong>pretia</strong></span> <span class='ocrx_word' id='word_1_149' title='bbox 447 2579 499 2642; x_wconf 91' lang='lat' dir='ltr'><strong>cui</strong></span> <span class='ocrx_word' id='word_1_150' title='bbox 519 2581 670 2664; x_wconf 81' lang='lat' dir='ltr'><strong>gemitum</strong></span> <span class='ocrx_word' id='word_1_151' title='bbox 690 2581 887 2665; x_wconf 71' lang='lat' dir='ltr'><strong>exprimunt3</strong></span> 
     </span>
     <span class='ocr_line' id='line_1_26' title="bbox 85 2659 867 2801; baseline 0.006 -80"><span class='ocrx_word' id='word_1_152' title='bbox 85 2659 166 2801; x_wconf 56' lang='lat' dir='ltr'><strong>gui,</strong></span> <span class='ocrx_word' id='word_1_153' title='bbox 196 2663 277 2724; x_wconf 88' lang='lat' dir='ltr'><strong>dum</strong></span> <span class='ocrx_word' id='word_1_154' title='bbox 294 2660 484 2744; x_wconf 87' lang='lat' dir='ltr'><strong>quadrantes</strong></span> <span class='ocrx_word' id='word_1_155' title='bbox 505 2681 637 2744; x_wconf 85' lang='lat' dir='ltr'><strong>aggeras</strong></span> <span class='ocrx_word' id='word_1_156' title='bbox 659 2663 867 2743; x_wconf 84' lang='lat' dir='ltr'><strong>patrimonio,</strong></span> 
     </span>
     <span class='ocr_line' id='line_1_27' title="bbox 111 2740 1062 2824; baseline 0 -22"><span class='ocrx_word' id='word_1_157' title='bbox 111 2742 220 2802; x_wconf 87' lang='lat' dir='ltr'><strong>celum</strong></span> <span class='ocrx_word' id='word_1_158' title='bbox 240 2740 354 2824; x_wconf 81' lang='lat' dir='ltr'><strong>fatigas</strong></span> <span class='ocrx_word' id='word_1_159' title='bbox 375 2741 505 2804; x_wconf 84' lang='lat' dir='ltr'><strong>sordido</strong></span> <span class='ocrx_word' id='word_1_160' title='bbox 525 2740 668 2824; x_wconf 82' lang='lat' dir='ltr'><strong>periurio</strong></span> <span class='ocrx_word' id='word_1_161' title='bbox 675 2763 686 2818; x_wconf 80' lang='lat'>3</span> <span class='ocrx_word' id='word_1_162' title='bbox 1060 2815 1062 2820; x_wconf 68' lang='lat'>,</span> 
     </span>
     <span class='ocr_line' id='line_1_28' title="bbox 86 2819 1084 2906; baseline 0.007 -26"><span class='ocrx_word' id='word_1_163' title='bbox 86 2819 150 2906; x_wconf 79' lang='lat' dir='ltr'><strong>Qui</strong></span> <span class='ocrx_word' id='word_1_164' title='bbox 172 2821 372 2883; x_wconf 86' lang='lat' dir='ltr'><strong>circumcidis</strong></span> <span class='ocrx_word' id='word_1_165' title='bbox 393 2842 518 2885; x_wconf 79' lang='lat' dir='ltr'><strong>omnem</strong></span> <span class='ocrx_word' id='word_1_166' title='bbox 539 2822 710 2904; x_wconf 87' lang='lat' dir='ltr'><strong>impensam</strong></span> <span class='ocrx_word' id='word_1_167' title='bbox 729 2822 849 2886; x_wconf 75' lang='lat' dir='ltr'><strong>i&#39;uue&#39;ris</strong></span> <span class='ocrx_word' id='word_1_168' title='bbox 1045 2832 1084 2896; x_wconf 74' lang='lat'><strong>25</strong></span> 
     </span>
     <span class='ocr_line' id='line_1_29' title="bbox 17 2898 778 2986; baseline 0.003 -24"><span class='ocrx_word' id='word_1_169' title='bbox 17 2903 20 2912; x_wconf 85' lang='grc'><strong>“</strong></span> <span class='ocrx_word' id='word_1_170' title='bbox 85 2898 221 2964; x_wconf 87' lang='lat' dir='ltr'><strong>Libitina</strong></span> <span class='ocrx_word' id='word_1_171' title='bbox 241 2921 280 2963; x_wconf 86' lang='lat' dir='ltr'><strong>nc</strong></span> <span class='ocrx_word' id='word_1_172' title='bbox 302 2901 381 2986; x_wconf 89' lang='lat' dir='ltr'><strong>quid</strong></span> <span class='ocrx_word' id='word_1_173' title='bbox 400 2912 432 2962; x_wconf 86' lang='lat' dir='ltr'><strong>tc</strong></span> <span class='ocrx_word' id='word_1_174' title='bbox 453 2912 509 2966; x_wconf 88' lang='lat' dir='ltr'><strong>tuo</strong></span> <span class='ocrx_word' id='word_1_175' title='bbox 531 2899 626 2964; x_wconf 82' lang='lat' dir='ltr'><strong>facist</strong></span> <span class='ocrx_word' id='word_1_176' title='bbox 646 2903 778 2966; x_wconf 90' lang='lat' dir='ltr'><strong>lucrum.</strong></span> 
     </span>
    </p>
   </div>
   <div class='ocr_carea' id='block_1_4' title="bbox 91 3058 278 3076">
    <p class='ocr_par' dir='ltr' id='par_1_4' title="bbox 91 3058 278 3076">
     <span class='ocr_line' id='line_1_30' title="bbox 91 3058 278 3076; baseline 0 0"><span class='ocrx_word' id='word_1_177' title='bbox 91 3058 278 3076; x_wconf 55' lang='grc' dir='ltr'>..ια-ιι-</span> 
     </span>
    </p>
   </div>
   <div class='ocr_carea' id='block_1_5' title="bbox 85 3152 1151 3638">
    <p class='ocr_par' dir='ltr' id='par_1_5' title="bbox 85 3152 1151 3638">
     <span class='ocr_line' id='line_1_31' title="bbox 131 3152 1081 3220; baseline 0.022 -24"><span class='ocrx_word' id='word_1_178' title='bbox 131 3153 200 3204; x_wconf 73' lang='lat' dir='ltr'><strong>Fab.</strong></span> <span class='ocrx_word' id='word_1_179' title='bbox 216 3155 292 3220; x_wconf 79' lang='lat' dir='ltr'>XIX,</span> <span class='ocrx_word' id='word_1_180' title='bbox 310 3171 339 3208; x_wconf 87' lang='lat' dir='ltr'><strong>v.</strong></span> <span class='ocrx_word' id='word_1_181' title='bbox 359 3157 384 3207; x_wconf 82' lang='grc'><strong>3.</strong></span> <span class='ocrx_word' id='word_1_182' title='bbox 405 3153 525 3205; x_wconf 73' lang='lat' dir='ltr'><strong>ultimum</strong></span> <span class='ocrx_word' id='word_1_183' title='bbox 542 3152 628 3205; x_wconf 86' lang='lat' dir='ltr'><strong>Codd.</strong></span> <span class='ocrx_word' id='word_1_184' title='bbox 646 3153 715 3205; x_wconf 79' lang='lat' dir='ltr'><strong>Pitb.</strong></span> <span class='ocrx_word' id='word_1_185' title='bbox 736 3164 761 3207; x_wconf 85' lang='lat' dir='ltr'><strong>ct</strong></span> <span class='ocrx_word' id='word_1_186' title='bbox 775 3157 846 3208; x_wconf 83' lang='lat' dir='ltr'><strong>Rem.</strong></span> <span class='ocrx_word' id='word_1_187' title='bbox 867 3153 989 3213; x_wconf 66' lang='lat' dir='ltr'><strong>intonant</strong></span> <span class='ocrx_word' id='word_1_188' title='bbox 1012 3163 1081 3218; x_wconf 83' lang='lat' dir='ltr'><strong>eod.</strong></span> 
     </span>
     <span class='ocr_line' id='line_1_32' title="bbox 86 3217 1080 3292; baseline 0.019 -26"><span class='ocrx_word' id='word_1_189' title='bbox 86 3217 186 3271; x_wconf 83' lang='lat' dir='ltr'><strong>Perott.</strong></span> <span class='ocrx_word' id='word_1_190' title='bbox 210 3251 241 3262; x_wconf 79' lang='grc'><strong>-</strong></span> <span class='ocrx_word' id='word_1_191' title='bbox 265 3239 294 3273; x_wconf 88' lang='grc' dir='ltr'><strong>υ.</strong></span> <span class='ocrx_word' id='word_1_192' title='bbox 320 3223 345 3273; x_wconf 85' lang='grc'><strong>8.</strong></span> <span class='ocrx_word' id='word_1_193' title='bbox 362 3221 492 3292; x_wconf 74' lang='lat' dir='ltr'><strong>finctum</strong></span> <span class='ocrx_word' id='word_1_194' title='bbox 515 3223 602 3291; x_wconf 82' lang='lat' dir='ltr'><strong>rapis.</strong></span> <span class='ocrx_word' id='word_1_195' title='bbox 622 3222 691 3273; x_wconf 70' lang='lat' dir='ltr'><strong>(lod.</strong></span> <span class='ocrx_word' id='word_1_196' title='bbox 715 3225 816 3276; x_wconf 84' lang='lat' dir='ltr'><strong>Perott.</strong></span> <span class='ocrx_word' id='word_1_197' title='bbox 840 3256 872 3268; x_wconf 90' lang='lat'>-</span> <span class='ocrx_word' id='word_1_198' title='bbox 893 3247 920 3280; x_wconf 84' lang='lat' dir='ltr'><strong>v.</strong></span> <span class='ocrx_word' id='word_1_199' title='bbox 945 3233 986 3282; x_wconf 76' lang='lat'><strong>23.</strong></span> <span class='ocrx_word' id='word_1_200' title='bbox 1012 3232 1080 3284; x_wconf 83' lang='lat' dir='ltr'><strong>eod.</strong></span> 
     </span>
     <span class='ocr_line' id='line_1_33' title="bbox 86 3285 1081 3361; baseline 0.023 -28"><span class='ocrx_word' id='word_1_201' title='bbox 86 3285 187 3340; x_wconf 87' lang='lat' dir='ltr'><strong>Perott.</strong></span> <span class='ocrx_word' id='word_1_202' title='bbox 208 3292 277 3356; x_wconf 83' lang='lat' dir='ltr'><strong>Qui,</strong></span> <span class='ocrx_word' id='word_1_203' title='bbox 296 3289 360 3342; x_wconf 83' lang='lat' dir='ltr'><strong>dem</strong></span> <span class='ocrx_word' id='word_1_204' title='bbox 376 3289 533 3361; x_wconf 77' lang='lat' dir='ltr'><strong>quadrante</strong></span> <span class='ocrx_word' id='word_1_205' title='bbox 551 3307 655 3358; x_wconf 67' lang='lat' dir='ltr'><strong>(augeas</strong></span> <span class='ocrx_word' id='word_1_206' title='bbox 672 3293 852 3361; x_wconf 80' lang='lat' dir='ltr'><strong>patrimonia,</strong></span> <span class='ocrx_word' id='word_1_207' title='bbox 871 3299 917 3348; x_wconf 89' lang='lat' dir='ltr'><strong>ubi</strong></span> <span class='ocrx_word' id='word_1_208' title='bbox 935 3299 1081 3356; x_wconf 80' lang='lat' dir='ltr'><strong>Iannellius</strong></span> 
     </span>
     <span class='ocr_line' id='line_1_34' title="bbox 87 3357 1131 3436; baseline 0.018 -34"><span class='ocrx_word' id='word_1_209' title='bbox 87 3357 162 3406; x_wconf 84' lang='lat' dir='ltr'><strong>metri</strong></span> <span class='ocrx_word' id='word_1_210' title='bbox 174 3361 263 3422; x_wconf 75' lang='lat' dir='ltr'><strong>gratia</strong></span> <span class='ocrx_word' id='word_1_211' title='bbox 283 3359 408 3410; x_wconf 84' lang='lat' dir='ltr'><strong>emendat</strong></span> <span class='ocrx_word' id='word_1_212' title='bbox 426 3357 576 3425; x_wconf 68' lang='lat' dir='ltr'><strong>(adtingens.</strong></span> <span class='ocrx_word' id='word_1_213' title='bbox 595 3389 626 3400; x_wconf 88' lang='lat'><em>-</em></span> <span class='ocrx_word' id='word_1_214' title='bbox 645 3375 674 3408; x_wconf 86' lang='lat' dir='ltr'><strong>v.</strong></span> <span class='ocrx_word' id='word_1_215' title='bbox 693 3363 735 3413; x_wconf 82' lang='lat'><strong>25.</strong></span> <span class='ocrx_word' id='word_1_216' title='bbox 755 3361 823 3412; x_wconf 85' lang='lat' dir='ltr'><strong>Cod.</strong></span> <span class='ocrx_word' id='word_1_217' title='bbox 848 3365 949 3420; x_wconf 86' lang='lat' dir='ltr'><strong>Perott.</strong></span> <span class='ocrx_word' id='word_1_218' title='bbox 968 3366 1079 3436; x_wconf 67' lang='grc' dir='ltr'><strong>[πυκνί.</strong></span> <span class='ocrx_word' id='word_1_219' title='bbox 1128 3405 1131 3416; x_wconf 83' lang='grc'><em>.</em></span> 
     </span>
     <span class='ocr_line' id='line_1_35' title="bbox 88 3425 1151 3490; baseline 0.016 -17"><span class='ocrx_word' id='word_1_220' title='bbox 88 3447 116 3461; x_wconf 75' lang='lat'><em>-</em></span> <span class='ocrx_word' id='word_1_221' title='bbox 135 3439 163 3473; x_wconf 84' lang='lat' dir='ltr'><strong>v.</strong></span> <span class='ocrx_word' id='word_1_222' title='bbox 182 3427 224 3478; x_wconf 64' lang='lat'><strong>262</strong></span> <span class='ocrx_word' id='word_1_223' title='bbox 243 3426 317 3476; x_wconf 84' lang='lat' dir='ltr'><strong>lucri</strong></span> <span class='ocrx_word' id='word_1_224' title='bbox 332 3427 400 3478; x_wconf 88' lang='lat' dir='ltr'><strong>Cod.</strong></span> <span class='ocrx_word' id='word_1_225' title='bbox 419 3430 522 3480; x_wconf 80' lang='lat' dir='ltr'><strong>Perott.</strong></span> <span class='ocrx_word' id='word_1_226' title='bbox 541 3425 595 3478; x_wconf 81' lang='lat' dir='ltr'><strong>Sed</strong></span> <span class='ocrx_word' id='word_1_227' title='bbox 615 3426 656 3484; x_wconf 80' lang='lat' dir='ltr'><strong>Cf·</strong></span> <span class='ocrx_word' id='word_1_228' title='bbox 673 3427 822 3481; x_wconf 81' lang='lat' dir='ltr'><strong>Desbillon·</strong></span> <span class='ocrx_word' id='word_1_229' title='bbox 842 3433 876 3486; x_wconf 75' lang='lat' dir='ltr'><strong>sd</strong></span> <span class='ocrx_word' id='word_1_230' title='bbox 894 3438 994 3489; x_wconf 84' lang='lat' dir='ltr'><strong>calcem</strong></span> <span class='ocrx_word' id='word_1_231' title='bbox 1009 3447 1078 3490; x_wconf 85' lang='lat' dir='ltr'><strong>nost.</strong></span> <span class='ocrx_word' id='word_1_232' title='bbox 1150 3473 1151 3478; x_wconf 57' lang='lat'>=</span> 
     </span>
     <span class='ocr_line' id='line_1_36' title="bbox 87 3488 1078 3564; baseline 0.019 -26"><span class='ocrx_word' id='word_1_233' title='bbox 87 3488 133 3542; x_wconf 84' lang='lat' dir='ltr'><strong>Ed.</strong></span> <span class='ocrx_word' id='word_1_234' title='bbox 152 3491 333 3564; x_wconf 29' lang='lat' dir='ltr'><strong>-aeCeterum</strong></span> <span class='ocrx_word' id='word_1_235' title='bbox 350 3497 378 3544; x_wconf 90' lang='lat' dir='ltr'><strong>iu</strong></span> <span class='ocrx_word' id='word_1_236' title='bbox 395 3494 465 3547; x_wconf 90' lang='lat' dir='ltr'><strong>Ccd.</strong></span> <span class='ocrx_word' id='word_1_237' title='bbox 483 3495 586 3545; x_wconf 84' lang='lat' dir='ltr'><strong>Perott.</strong></span> <span class='ocrx_word' id='word_1_238' title='bbox 603 3503 661 3546; x_wconf 85' lang='lat' dir='ltr'><strong>tota</strong></span> <span class='ocrx_word' id='word_1_239' title='bbox 679 3496 747 3548; x_wconf 87' lang='lat' dir='ltr'><strong>haec</strong></span> <span class='ocrx_word' id='word_1_240' title='bbox 764 3498 798 3548; x_wconf 84' lang='lat' dir='ltr'><strong>od</strong></span> <span class='ocrx_word' id='word_1_241' title='bbox 817 3517 923 3553; x_wconf 84' lang='lat' dir='ltr'><strong>uvarum</strong></span> <span class='ocrx_word' id='word_1_242' title='bbox 951 3504 1078 3556; x_wconf 82' lang='lat' dir='ltr'><strong>adhorta-</strong></span> 
     </span>
     <span class='ocr_line' id='line_1_37' title="bbox 85 3556 1076 3638; baseline 0.023 -36"><span class='ocrx_word' id='word_1_243' title='bbox 85 3556 122 3606; x_wconf 83' lang='lat' dir='ltr'><strong>tio</strong></span> <span class='ocrx_word' id='word_1_244' title='bbox 141 3576 170 3610; x_wconf 88' lang='lat' dir='ltr'><strong>v.</strong></span> <span class='ocrx_word' id='word_1_245' title='bbox 196 3563 234 3614; x_wconf 74' lang='lat'><strong>16.</strong></span> <span class='ocrx_word' id='word_1_246' title='bbox 253 3580 331 3636; x_wconf 76' lang='lat' dir='ltr'><strong>seqq.</strong></span> <span class='ocrx_word' id='word_1_247' title='bbox 349 3564 456 3615; x_wconf 83' lang='lat' dir='ltr'><strong>fabulas</strong></span> <span class='ocrx_word' id='word_1_248' title='bbox 475 3563 525 3634; x_wconf 88' lang='lat' dir='ltr'><strong>ipsi</strong></span> <span class='ocrx_word' id='word_1_249' title='bbox 544 3564 723 3633; x_wconf 84' lang='lat' dir='ltr'><strong>praemittitur</strong></span> <span class='ocrx_word' id='word_1_250' title='bbox 741 3575 768 3619; x_wconf 88' lang='lat' dir='ltr'><strong>et</strong></span> <span class='ocrx_word' id='word_1_251' title='bbox 784 3577 847 3638; x_wconf 88' lang='lat' dir='ltr'><strong>post</strong></span> <span class='ocrx_word' id='word_1_252' title='bbox 862 3587 891 3622; x_wconf 83' lang='lat' dir='ltr'><strong>v.</strong></span> <span class='ocrx_word' id='word_1_253' title='bbox 907 3573 949 3623; x_wconf 83' lang='lat' dir='ltr'><strong>aii.</strong></span> <span class='ocrx_word' id='word_1_254' title='bbox 964 3571 1007 3626; x_wconf 83' lang='lat' dir='ltr'><strong>hic</strong></span> <span class='ocrx_word' id='word_1_255' title='bbox 1018 3588 1076 3625; x_wconf 81' lang='lat' dir='ltr'><strong>ser·</strong></span> 
     </span>
    </p>
   </div>
   <div class='ocr_carea' id='block_1_6' title="bbox 122 3661 875 3764">
    <p class='ocr_par' dir='ltr' id='par_1_6' title="bbox 122 3661 875 3764">
     <span class='ocr_line' id='line_1_38' title="bbox 122 3661 875 3764; baseline 0.012 -50"><span class='ocrx_word' id='word_1_256' title='bbox 122 3661 267 3764; x_wconf 72' lang='lat' dir='ltr'><strong>i’haedrus.</strong></span> <span class='ocrx_word' id='word_1_257' title='bbox 855 3678 875 3738; x_wconf 85' lang='lat'>7</span> 
     </span>
    </p>
   </div>
   <div class='ocr_carea' id='block_1_7' title="bbox 0 0 1322 4002">
    <p class='ocr_par' dir='ltr' id='par_1_7' title="bbox 0 0 1322 4002">
     <span class='ocr_line' id='line_1_39' title="bbox 0 0 1322 4002; baseline 0 0"><span class='ocrx_word' id='word_1_258' title='bbox 0 0 1322 4002; x_wconf 95' lang='lat' dir='ltr'><strong> </strong></span> 
     </span>
    </p>
   </div>
  </div>
 </body>
</html>
