2610 4002
416 467 483 508 aaa.
505 443 566 524 lV,
591 466 666 512 rsa.
685 448 788 520 4-6.

103 606 263 669 Devotam
283 607 355 669 vino
374 607 516 684 tertiam,
536 617 570 668 et
588 607 807 688 turpissimam.

16 691 17 696 ’
103 689 226 747 Harum
250 699 354 748 autem
373 697 505 758 matrem
525 685 603 748 feeit
621 686 774 747 heredem
794 706 907 764 senex,

102 766 172 828 Sub
196 767 391 842 conditione,
411 777 510 827 totam
528 778 565 827 ut
584 766 746 829 fortunam
768 766 870 827 tribus

102 847 290 930 Aequaliter
311 845 491 922 distribuat,
512 845 570 906 sed
588 847 643 907 tali
667 845 779 922 modo,
865 918 870 924 ι

101 928 152 988 Ne
174 927 244 988 data
264 925 445 1009 possideant
466 937 519 988 aut
537 926 700 1003 fruantur-3
720 937 804 1003 tum,
827 926 919 988 simul

100 1006 233 1068 Habere
256 1027 309 1067 res
333 1005 499 1082 desierint,
520 1028 597 1089 quas
622 1007 819 1088 acceperint,

102 1089 241 1149 Centena
260 1086 352 1146 matri
373 1085 536 1164 conferant
560 1087 712 1148 sestertia.

101 1166 242 1228 Athenas
262 1188 373 1227 rumor
392 1166 435 1226 im
458 1167 512 1227 let
551 1169 654 1229 Mater
676 1167 786 1228 sedula

101 1248 183 1308 luris
204 1247 324 1328 peritos
349 1266 424 1307 cons
458 1247 498 1308 it:
518 1268 611 1310 nemo
634 1248 776 1330 expedit,

101 1327 179 1468 Ιῼιιο
200 1339 293 1408 paeto
313 1350 376 1390 non
399 1327 595 1408 possideant,
616 1329 704 1412 quod
723 1328 823 1388 fuerit
846 1326 970 1402 datum,

132 1419 297 1470 ruotumve
318 1399 441 1489 capiant
447 1429 457 1485 3
475 1407 609 1484 deinde,
629 1430 711 1492 quae
730 1408 863 1470 tulerint
883 1405 976 1484 nihil,

100 1488 247 1630 guanam
266 1489 387 1549 ratione
409 1486 574 1548 conferant
592 1489 767 1570 pecuniam.
1048 1555 1051 1558 ,

132 1578 275 1651 ostquam
299 1579 482 1648 consumpta
502 1579 550 1628 est
564 1569 723 1650 'temporis
746 1567 834 1652 longi
855 1588 962 1644 mora,

100 1653 171 1710 Nec
190 1647 366 1708 testamenti
388 1647 492 1728 potuit
511 1667 619 1708 sensus
641 1648 764 1732 colligi,

101 1728 216 1792 Fidem
236 1727 417 1802 advocavit,
435 1726 505 1788 iure
526 1727 692 1810 neglecto,
714 1747 838 1810 Parens.
976 1789 980 1797 ,

101 1809 234 1891 Seponit
254 1806 404 1869 moechae
425 1819 562 1884 vestem,
581 1807 732 1870 mundum
751 1807 956 1883 muliebrem,

101 1888 306 1952 Lavationem
328 1898 525 1969 argenteam,
547 1888 725 1964 eunuchos,
746 1887 889 1970 glabros:

101 1965 258 2032 Lanifieae
278 1969 413 2050 agellos,
435 1987 570 2050 pecora,
588 1968 711 2047 villam,
733 1967 916 2049 operarios,

101 2054 228 2124 Boves,
251 2048 404 2128 iumenta,
424 2060 457 2110 et
480 2048 719 2111 instrumentum
740 2048 908 2110 rusticum:

100 2129 225 2192 Potrici
244 2130 369 2212 plenam
393 2129 526 2213 antiquis
549 2127 732 2211 apothecam
753 2128 855 2206 cadis,

100 2211 242 2272 Domum
261 2210 409 2291 politam,
429 2221 461 2270 et
480 2209 630 2271 delicatos
650 2209 805 2271 hortulos.

100 2289 155 2351 Sic
176 2289 328 2350 destinata
349 2288 544 2374 darequum
562 2290 661 2352 vellet
681 2290 826 2374 singulis,

100 2371 145 2432 Et
168 2369 361 2451 approbaret
380 2391 423 2452 po
447 2371 534 2445 ulus,
555 2369 610 2454 qui
630 2369 697 2430 illas
718 2381 867 2449 noverat,

100 2453 247 2532 Aesopus
271 2448 408 2510 medias
455 2449 498 2510 ito
518 2450 550 2508 in
568 2449 661 2508 turha
684 2450 840 2514 constitit:
874 2489 879 2506 .

101 2529 133 2592 Ο
158 2530 185 2590 si
207 2538 350 2590 maneret
370 2528 497 2590 condito
518 2547 624 2588 sensns
645 2529 744 2610 patri,

101 2611 207 2698 Quam
229 2608 369 2692 graviter
388 2608 507 2685 ferret,
529 2606 615 2694 quod
637 2608 828 2670 voluntatem
848 2629 936 2672 suam

100 2689 307 2772 Interpretari
329 2712 393 2753 non
411 2689 587 2772 potuissent
610 2688 721 2765 Attici,

100 2773 242 2854 Rogatus
264 2769 395 2850 deinde,
415 2768 510 2831 solvit
530 2789 673 2851 errorem
695 2770 840 2830 omnium.

100 2853 241 2914 Domum
261 2861 293 2911 et
311 2861 507 2924 ornamenta,
529 2868 600 2909 cum
623 2851 763 2911 venustis
777 2849 929 2927 hortulis,

100 2933 144 2993 Et
164 2932 236 2992 vina
255 2941 364 2993 vetera
385 2929 456 2990 date
477 2927 616 2990 lanificae
636 2930 788 2993 rusticae:

97 3011 248 3088 Vestem,
268 3009 416 3086 uniones,
436 3008 643 3095 pedisequos,
665 3021 698 3069 et
720 3023 828 3074 oetera

101 3092 150 3153 llli
172 3091 343 3176 assignate,
362 3089 458 3154 vitam
483 3109 563 3174 quae
584 3090 661 3151 luxu
682 3091 794 3156 trahit:

101 3251 292 3268 m

102 3315 405 3381 sicam.'Mu1ue‘Edd.
426 3327 525 3380 Heiusii
546 3330 739 3381 coniecturam*
751 3336 912 3396 sequuntur:
943 3327 1088 3396 lanificam,

98 3394 183 3462 frugi
198 3408 224 3445 et
241 3401 377 3448 rusticam.
395 3423 428 3434 —
443 3414 471 3446 v.
495 3399 533 3448 15.
554 3401 615 3465 Quo
631 3408 712 3466 poeto
729 3400 755 3447 si
768 3415 822 3446 non
845 3386 1003 3466 possidearis
1020 3395 1088 3446 Cod.

101 3463 168 3515 Pith.
188 3463 241 3516 Sed
258 3481 350 3518 vocem
367 3467 393 3516 si
408 3482 500 3518 omnes
518 3465 575 3516 sere
593 3463 659 3516 Edd.
675 3467 808 3517 omittunt.
834 3496 866 3509 -·
889 3483 917 3516 v.
936 3467 977 3517 38.
997 3469 1087 3531 Agros

102 3531 181 3584 utiles
199 3532 284 3585 Codd.
303 3533 457 3586 Emendavit
474 3533 608 3586 Pithoeus.
648 3567 652 3574 ·
