2678 3978
422 460 486 498 uin.
512 440 542 513 l,
565 458 639 499 unu.
661 439 803 502 23-25.
842 496 844 504 ,

159 602 192 660 In
216 613 309 682 prato
332 600 470 685 quodam
491 619 565 660 rana
586 599 750 692 conspexit
770 595 905 680 bovem,
963 651 965 656 .

115 682 177 756 Et,
200 689 285 742 tacta
304 681 421 742 invidia
441 691 546 743 tantae
568 679 806 762 magnitudinis,

115 763 279 844 Rugosam
302 759 422 820 inllavit
441 760 574 841 pellem3
596 772 665 820 tum
689 771 778 822 natos
801 781 876 820 suos

116 841 350 922 Interrogavit,
371 861 409 903 an
430 840 515 900 hove
538 852 622 908 esset
642 840 746 901 latior.

66 973 69 984 ,
115 921 167 982 Illi
187 932 355 1012 negarunt.
395 921 519 979 Rursus
543 921 678 981 intendit
698 933 805 980 cutem

116 1001 238 1061 Maiore
262 1001 332 1060 nisu
339 1021 348 1078 3
370 1013 403 1060 et
424 1000 517 1059 simili
538 1000 693 1084 quaesivit
716 1001 830 1078 modo,

118 1080 200 1168 Quis
221 1081 323 1140 maior
345 1091 441 1140 esset.
482 1081 530 1140 llli
555 1082 703 1141 dixerunt
722 1078 849 1142 bovem.
919 1105 921 1110 ·

117 1160 296 1222 Novissime
319 1159 495 1242 indignata,
517 1162 592 1222 dum
614 1161 683 1222 vult
703 1160 847 1238 validius·
904 1187 907 1192 ·

118 1238 233 1301 Inllare
255 1259 342 1318 sese,
367 1253 461 1321 rupto
483 1242 579 1304 iacuit
604 1259 751 1324 corpore.

520 1422 709 1434 ,.--..----..

520 1563 600 1605 ιτΑῑι.1
616 1538 716 1606 XXV.

417 1657 517 1718 canis
533 1675 578 1722 cr
597 1666 826 1721 concutimus.
851 1695 869 1724 ·

122 1779 261 1844 Consilia
286 1784 341 1866 qui
362 1782 436 1842 dant
459 1804 557 1864 prava
579 1784 678 1845 cautis
702 1781 900 1859 hominibus,

121 1865 165 1922 Et
185 1863 324 1944 perdunt
348 1883 496 1943 operam,
518 1877 550 1924 et
575 1865 763 1924 deridentur
783 1864 930 1956 turpiter.

164 1945 265 2004 Canes
288 1956 453 2004 currentes
476 1943 589 2006 hibere
611 1946 642 2004 in
663 1945 735 2004 Nilo
757 1940 904 2021 flumme,

122 2024 153 2082 A
173 2024 341 2085 corcodilis
363 2044 403 2084 ne
424 2024 603 2104 rapiantur,
622 2025 774 2086 traditum
799 2036 856 2084 est.
892 2035 901 2094 j

122 2103 226 2184 Igitur
248 2125 345 2187 quum
366 2125 497 2166 currens
519 2105 632 2167 bibere
657 2104 817 2244 coepisset
839 2104 939 2186 canis,
1099 2091 1134 2165 5'

123 2183 178 2244 Sic
204 2184 401 2246 corcodilus:
423 2184 526 2271 Quam
546 2186 626 2248 libet
648 2186 708 2247 lam
735 2205 752 2244 c
778 2185 860 2261 otio,

122 2263 198 2323 Noli
211 2264 341 2338 ¹vereri.
383 2267 427 2326 At
444 2268 514 2328 ille:
539 2268 693 2328 Facerem
713 2265 915 2340 mehercule,

121 2344 192 2404 Nisi
213 2364 282 2404 esse
308 2347 423 2408 scirem
445 2347 599 2408 carniste
621 2347 771 2428 cupidum
791 2365 892 2408 meae.

131 2495 324 2512 m

177 2570 244 2621 Feb.
262 2571 363 2635 XXIV,
382 2589 410 2622 o.
430 2589 454 2624 a.
474 2570 591 2642 quodam
611 2569 698 2622 Codd.
718 2582 744 2625 et
760 2579 822 2624 vett.
840 2569 908 2623 Edd.
928 2570 982 2622 Sed
999 2570 1121 2639 plerique

124 2649 288 2707 receperunt
306 2641 404 2690 Heinsii
422 2645 617 2692 coniecturam:
637 2641 783 2710 quotidem.

178 2707 244 2758 Fal.
265 2709 354 2770 XXV,
372 2725 399 2758 v.
420 2707 444 2772 4.
465 2708 618 2762 Corcodilis
636 2718 665 2758 ut
689 2711 757 2760 infra
776 2707 939 2760 Corcodilus
958 2707 1025 2758 Cods
1050 2707 1122 2756 Rem.

124 2777 260 2827 Plurimae
279 2775 347 2826 Edd.
368 2775 527 2826 Crocodilis.
554 2805 586 2814 -
611 2795 637 2827 v.
655 2779 682 2829 6,
702 2780 741 2828 Ita
759 2781 850 2830 locum
876 2777 1012 2827 constituit
1037 2775 1122 2839 Rigal-

124 2847 179 2895 tius
196 2842 308 2894 in'edit.
327 2845 388 2892 cmii
410 2846 483 2896 1630.
500 2846 531 2893 In
549 2845 637 2894 Codd.
654 2843 1001 2896 Pitl1.etllem.mendose:
1020 2845 1122 2908 Quam·

125 2912 193 2962 libet
209 2911 293 2960 lambe
313 2913 389 2961 ocius
408 2910 460 2980 (vel
478 2913 585 2964 Heinsio
605 2922 672 2966 teste
693 2914 759 2982 otio)
776 2926 849 2983 poter
862 2910 1026 2962 accedenoli
1036 2911 1124 2960 timere

125 2979 222 3031 sedetlo
242 2980 282 3028 uit
299 2991 329 3028 at
347 2980 406 3029 noli
419 2983 506 3029 vereri
520 2982 611 3049 aliquit
626 2994 655 3031 at
672 2981 820 3052 illesuccre
838 2980 993 3033 mehercule.
1028 2979 1122 3046 Dupli-
1173 2977 1177 2981 ’

124 3066 187 3099 cem
207 3048 366 3104 emendandi
384 3050 518 3099 rationem
537 3049 654 3099 inierunt
670 3051 717 3101 viri
736 3051 823 3114 docti,
843 3064 904 3101 cum
923 3048 1014 3112 alteri,
1032 3055 1061 3096 ut
1080 3047 1123 3094 Ri-

123 3118 234 3184 gallius,
262 3117 340 3167 binos
363 3125 467 3166 tanturn
489 3133 578 3168 versus
598 3135 629 3168 ex
647 3117 686 3168 his
707 3119 794 3171 verbis
814 3113 994 3180 conficerent,
1021 3116 1123 3182 reliqua
1196 3147 1199 3158 ι
1243 3179 1244 3186 ¹

123 3201 177 3254 pro
197 3189 356 3250 glossemate
376 3183 515 3250 habentes;
545 3186 621 3234 alteri
648 3195 703 3236 tres
728 3204 817 3237 versus
843 3186 1028 3253 complerent,
1053 3185 1125 3234 inter

124 3269 196 3320 qnos
214 3252 323 3319 quidem
333 3252 514 3304 Desbillonius
528 3251 673 3302 admodum
686 3256 804 3320 igeniose
818 3255 871 3306 sie:
893 3251 1045 3320 Quamlibet
1058 3251 1123 3300 lum-

124 3320 174 3370 bc:
191 3321 279 3370 octus
298 3320 398 3370 Potor-e
416 3322 490 3370 noli:
515 3318 625 3382 accede;
647 3321 717 3390 quid
730 3324 827 3372 tames?
846 3321 925 3372 dolos
942 3321 1009 3370 Noli
1028 3319 1123 3369 vereri.

124 3394 164 3439 At
183 3387 227 3437 ille
246 3396 297 3438 eet.
322 3390 451 3456 Idemque
470 3391 497 3438 in
516 3392 708 3440 commentario
726 3392 782 3441 MS.
801 3392 996 3457 huncquoque
1016 3387 1123 3436 coniec-

62 3472 65 3477 ’
124 3466 214 3506 turam
232 3458 377 3524 proponit:
416 3457 539 3517 Lomibs‚
559 3458 665 3526 inquit,
684 3475 786 3527 cerus:
806 3457 906 3510 Accede
914 3495 923 3520 ,
940 3465 1008 3525 pota
1032 3451 1124 3502 scdulo

126 3536 260 3594 quurztum
274 3523 354 3585 utcu·
373 3525 438 3585 Noli
453 3527 553 3578 timere.

133 3663 138 3667 -
168 3631 314 3684 Phaedrus.
374 3707 377 3713 Ι
864 3621 866 3625 ’
896 3583 924 3689 '4
