2678 3978
497 463 577 512 vira
598 465 756 512 enarum.
1088 426 1139 516 Xl'

122 605 189 667 lam
209 625 288 672 voro
319 607 345 670 si
374 608 627 692 perpendamus,
657 607 820 690 scripsisse
850 609 978 689 poetam
1006 607 1131 672 sabulos

121 702 253 781 Latine,
273 705 294 764 i.
318 723 346 767 e.
371 726 520 768 sermone
541 717 628 769 terso
650 719 747 791 atque
771 703 891 785 polito,
919 703 1131 790 eumdemque

122 819 217 860 usum
239 793 309 863 esse
332 822 451 884 genere
470 803 594 864 dicendi
620 803 755 884 simplici
776 813 809 863 et
832 801 956 878 laceto,
985 814 1131 864 veterem

122 893 334 959 urbanitatem
357 899 541 962 redolente:
569 898 622 960 vix
645 897 799 959 credibile
829 909 894 974 est,
932 899 1066 982 aliquem
1091 897 1132 960 ad

121 991 220 1052 talem
244 996 400 1056 sermonis
424 995 526 1056 Latini
547 995 695 1076 peritiam
725 994 841 1056 alieubi
870 993 1040 1076 pervenire
1073 1013 1132 1075 po·

121 1087 237 1167 misse,
260 1092 320 1152 nisi
341 1095 481 1171 Rornae,
514 1105 547 1154 et
566 1092 662 1174 longo
687 1091 816 1174 quidem
840 1089 879 1150 ab
902 1088 1032 1149 ineunte
1052 1109 1132 1171 pue·

120 1184 194 1244 ritia
221 1209 291 1250 usu.
314 1189 348 1269 y)
391 1190 564 1287 Quomodo
584 1209 696 1250 servus
720 1188 822 1250 sactus
845 1187 886 1248 sit
907 1185 1063 1266 Augusti,
1084 1184 1132 1245 fa·

121 1291 195 1341 teor
217 1303 269 1344 me
288 1287 421 1348 nescire.
451 1288 516 1348 Sed
537 1287 669 1348 dubium
688 1295 797 1367 potest
817 1302 885 1343 osse
907 1280 1045 1356 nullum,
1066 1277 1131 1340 Oo-

120 1377 240 1438 tavium
261 1378 440 1462 Augustum
468 1395 635 1458 nostrum,
664 1402 735 1442 oum
763 1376 992 1459 perpolivisset
1017 1373 1131 1435 litteris

68 1497 71 1502 ·
120 1471 297 1552 ingenium,
329 1477 507 1558 adseruisse
529 1479 688 1554 libertati,
721 1488 816 1558 atque
844 1471 924 1534 adeo
945 1469 1131 1536 Phaedrum

121 1567 249 1632 Octavii
274 1573 411 1653 Augusti
432 1573 532 1635 fuisse
554 1576 714 1636 libertum.
756 1574 792 1631 In
813 1567 902 1630 libris
928 1567 1010 1628 enim
1039 1566 1132 1627 faba·

118 1663 222 1724 larum
240 1665 331 1724 MSS.
355 1669 511 1747 expressis
542 1670 649 1732 verbis
681 1664 858 1746 Augusti
881 1674 1015 1724 vocatur
1035 1662 1132 1722 liber·

117 1771 181 1822 tus.
201 1758 235 1841 ³⁸)
285 1759 351 1820 Sed
382 1759 552 1836 Octavium
575 1765 756 1843 Augustum
780 1756 1020 1836 intelligendum
1050 1777 1132 1835 osse,

118 1842 210 1914 testis
230 1865 278 1914 est
293 1855 361 1936 ipse
374 1857 558 1938 Phaedrus,
580 1875 759 1918 memorans
772 1853 877 1930 litem,
899 1872 917 1912 a
935 1850 1042 1912 Divo
1059 1850 1132 1911 Au·

119 1962 240 2034 gusto
266 1949 485 2029 diiudicatam,
509 1954 644 2016 addens:

221 2054 368 2120 Narrabo,
387 2058 515 2106 arenzoria
533 2054 730 2129 quodfaotam
749 2065 789 2104 est
806 2071 872 2104 maa.
903 2052 929 2124 z)

117 2144 192 2204 Non
208 2146 302 2225 pauci
324 2159 430 2208 tamen
451 2157 540 2222 sunt,
563 2145 618 2229 qui
638 2144 821 2208 Phaedrum
842 2144 1022 2206 libertatem
1034 2141 1130 2205 Tibe·

117 2238 168 2300 rio
191 2239 335 2322 Augusto
360 2242 698 2317 dehere.existi1nent;
721 2242 753 2321 a)
779 2241 930 2326 aquibus
954 2251 1044 2302 reete
1068 2239 1131 2300 dis·

117 2335 214 2396 sentit
233 2337 538 2414 Desbillonius,
568 2336 606 2416 b)
640 2335 695 2420 qui
714 2348 1067 2420 praeter’argumenta,
1088 2323 1131 2396 ‘et

115 2452 137 2496 a
158 2452 209 2492 me
229 2433 338 2515 paullo
359 2447 430 2496 aute
446 2445 573 2512 notata,
595 2432 658 2496 hoo
677 2433 709 2492 in
722 2434 867 2495 modium
880 2433 1031 2515 protulit:
1053 2431 1130 2492 »Mi-

169 2679 197 2748 y)
214 2679 377 2730 Desbz'llom'i
390 2679 464 2746 Disp.
484 2679 530 2729 cit.
549 2693 577 2744 p.
595 2674 644 2728 VI.
664 2691 704 2742 sq.

167 2759 192 2828 ¹¹)
209 2762 239 2810 ln
260 2763 327 2812 Cod.
346 2762 453 2813 Pithoei
472 2764 672 2828 scriptumest:
691 2755 815 2810 Phaedri
830 2761 902 2825 Aug.
921 2756 980 2807 Lib.
993 2753 1129 2806 seeuizdm

116 2829 220 2897 l'rzczpit.
239 2829 272 2879 V.
292 2829 364 2879 Gnd.
386 2830 417 2878 ln
435 2830 491 2878 MS.
511 2829 584 2878 Rem.
602 2837 671 2897 post.
689 2829 720 2878 L.
740 2828 772 2876 V.
791 2829 820 2875 F.
838 2829 872 2876 X.
889 2824 1003 2876 Phaedri
1012 2829 1082 2891 Aug.
1094 2823 1128 2873 li·
1177 2877 1180 2882 ,

115 2895 189 2946 bern·
205 2896 274 2946 liber
294 2899 408 2968 quiams
426 2896 536 2964 explicit
543 2896 677 2964 feliciter.
696 2894 760 2948 vid.
780 2895 870 2954 Brot„
1014 2921 1020 2928 ·

169 2979 547 3048 nummumsm

168 3065 195 3134 a)
215 3065 369 3134 Scbffrus
387 3066 414 3113 in
433 3063 487 3111 Vit.
506 3062 629 3112 Phaedri.
650 3063 693 3113 Ol.
712 3061 873 3112 Barnichios
893 3060 926 3110 (le
946 3059 1022 3112 Poe't.
1041 3080 1068 3130 p.
1083 3062 1126 3113 55.

114 3131 224 3202 lipsius
241 3133 275 3183 ad
285 3135 389 3196 Senec.
409 3131 518 3180 Consol.
527 3130 619 3196 Polyb.
632 3130 696 3197 Cap.
708 3129 818 3178 RVH.
837 3129 995 3178 Baoluzerus
1007 3129 1081 3178 Orat.
1093 3131 1125 3178 T.

113 3201 152 3251 11.
173 3202 221 3250 Or.
241 3217 266 3252 a.
288 3202 352 3252 coll.
370 3199 459 3250 Fabri
475 3195 556 3246 Thes.
574 3213 598 3245 v.
615 3197 759 3246 Phaedrus
766 3212 778 3256 ,·
802 3205 828 3244 et
846 3199 877 3244 A.
897 3196 1005 3247 Schotti
1020 3197 1125 3246 observ.

113 3269 147 3320 L.
166 3269 200 3320 11.
220 3269 250 3318 C.
272 3285 309 3333 ¹9·
329 3277 359 3317 ut
375 3268 497 3317 omittam
516 3265 591 3312 alios.
608 3262 738 3330 Morluf.
759 3263 793 3313 de
805 3263 923 3314 Patavin.
936 3265 1011 3314 Livii.
1025 3281 1051 3331 p.
1068 3266 1123 3328 ¹57·

115 3333 210 3386 haeret
229 3336 383 3402 ambiguus,
407 3331 561 3384 Phaedrum
579 3331 719 3384 Libertum
736 3331 868 3400 Augusti,
893 3335 935 3384 vel
953 3329 1060 3383 Tiberii
1076 3346 1123 3399 op·

114 3405 230 3474 pellens.

165 3483 196 3556 b)
213 3485 287 3556 Disp.
307 3485 352 3538 oit.
368 3501 396 3554 p.
413 3483 474 3535 VlI.
