2610 4002
374 475 437 516 mn.
457 457 515 534 111,
538 473 612 542 reu.
638 459 773 535 17-18.

70 615 147 676 Nisi
164 612 243 675 utile
264 627 329 692 est,
353 615 440 700 quod
461 616 614 696 fecimus,
638 621 734 682 stulte
755 617 803 681 esi
824 619 932 702 gloria.
954 581 959 592 .

116 694 202 754 Nihil
223 715 335 778 agere,
355 697 441 780 quod
461 719 525 761 non
545 699 664 782 prosit,
687 701 804 764 fabella
825 699 979 764 admonet.

473 1014 547 1058 reu.
569 996 677 1074 llVffl·

350 1143 469 1198 PAVO
497 1147 552 1199 ΑΙ)
581 1106 797 1202 IUNONElu.

68 1279 166 1338 Pavo
186 1275 225 1337 ad
245 1278 396 1343 lurionem
417 1280 519 1359 veuit,
540 1281 665 1367 indigne
686 1285 811 1363 ferens,

69 1359 194 1418 Canius
215 1358 339 1422 luscinii
363 1363 449 1457 quod
470 1361 529 1424 sibi
549 1385 612 1425 non
633 1363 795 1430 tribuerit:

69 1438 169 1498 Illum
190 1457 259 1500 esse
280 1455 398 1503 000000
420 1445 548 1506 auribus
571 1445 805 1526 admirabilem

35 1551 37 1554 v
68 1519 118 1578 So
142 1519 299 1598 derideri,
321 1523 413 1583 simul
433 1543 469 1585 ao
490 1545 603 1587 vocem
623 1528 753 1592 miserit.

70 1601 168 1659 Tune
191 1604 373 1663 consolandi
397 1605 497 1686 gratia
517 1605 594 1666 dixit
614 1609 699 1671 Dea:

70 1679 141 1738 Sed
162 1679 267 1741 forma
290 1683 406 1760 vineis,
431 1679 529 1745 vincis
553 1688 766 1764 magnitudine
774 1705 784 1765 3

69 1759 167 1820 Nitor
189 1757 345 1844 smaragdi
370 1763 454 1825 collo
475 1763 658 1850 praefulget
676 1777 751 1845 tuo,
791 1831 794 1842 ,

68 1839 236 1923 Pictisque
259 1844 373 1942 plumis
395 1865 569 1926 gemmeam
591 1846 722 1908 caudam
742 1845 888 1941 explicas.
909 1880 967 1916 -,

70 1919 149 2006 Quo
173 1925 234 1998 mi,
257 1922 376 2005 inquit,
396 1937 513 1986 mulam
533 1929 690 2009 speciem,
712 1928 738 1988 si
758 1947 869 1990 vmcor
887 1923 989 1987 sono?
1009 1958 1050 1973 —-

69 2003 227 2062 Fatorum
251 2003 381 2064 arbitrio
401 2017 508 2087 partes
531 2020 602 2069 sunt
624 2006 714 2070 vohis
736 2006 843 2069 datae:
923 2029 926 2044 ¹
1032 2024 1067 2070 ιο
1155 2035 1160 2042 ·

70 2081 146 2141 Tibi
166 2078 287 2159 forma,
309 2085 392 2145 vireo
414 2087 554 2178 aquilae²
575 2088 706 2151 luscinio
730 2088 849 2167 melos,

69 2161 252 2243 Augurium
274 2183 393 2240 corvo,
414 2166 504 2229 laeva
528 2170 646 2231 cornici
667 2169 796 2246 omina„

71 2242 259 2336 Omnesque
281 2245 419 2326 propriis
441 2259 512 2308 sunt
533 2261 699 2322 contentae
721 2247 855 2328 dotibus.

111 2323 186 2384 Noh
207 2322 376 2402 afflectare,
397 2327 483 2410 quod
503 2329 562 2390 tihi
582 2352 645 2392 non
667 2336 716 2390 est
736 2330 862 2407 datum,
919 2377 922 2390 .

69 2403 193 2464 Delusa
213 2423 254 2465 00
274 2426 346 2486 spes
368 2404 408 2466 ad
422 2409 590 2498 ¹querelam
609 2409 740 2471 recidat.
1031 2407 1067 2472 ιὸ

120 2643 355 2711 Fab.xvl11‚v.
377 2661 402 2697 a.
419 2643 548 2696 Iusc'imire
567 2643 635 2696 cod.
652 2643 754 2695 Peroil.
773 2672 807 2684 ·-
830 2659 859 2698 v.
877 2651 901 2712 7.
925 2641 1069 2712 zmaragdi

71 2713 215 2764 Burmann.
233 2735 268 2753 *—
285 2731 314 2764 v.
331 2729 357 2780 ς).
376 2709 524 2764 (1001.Ρῆ0.
538 2713 595 2763 Cur
612 2712 694 2773 mz'hi,
714 2711 821 2782 inquil,
839 2714 956 2781 species,
973 2715 999 2763 si
1009 2715 1065 2763 vin·

71 2798 118 2832 cor
136 2801 216 2835 sono.
232 2809 266 2822 —·
289 2799 318 2832 v.
343 2784 383 2833 13.
410 2782 492 2832 Edirt.
517 2781 586 2831 Pirh.
611 2782 705 2846 Rigalt.
729 2783 798 2832 aliae
821 2797 899 2849 quam
921 2783 1065 2849 plurimae:

72 2851 169 2900 Omnes
189 2867 258 2920 quae
273 2851 406 2920 propriis.
423 2849 544 2900 Heinsius
562 2849 681 2900 coniecit
697 2851 855 2919 Omnesque,
874 2865 986 2916 eamque
999 2862 1064 2900 con·

71 2917 204 2969 iecturam
223 2909 366 2970 codicibus
385 2933 457 2968 nuno
475 2916 636 2967 confirmari
654 2918 782 2968 videmus.
801 2921 841 2968 lta
859 2917 1064 2968 cnimDesbillo·

70 2988 128 3036 nius
148 2988 174 3036 in
186 2987 337 3037 Commeat.
350 2987 405 3036 MS.
418 2987 497 3034 Hauc
516 3002 573 3034 esse
585 2983 692 3039 Coclior's
701 2985 836 3037 demensio
847 2986 1007 3036 lectioneme
1026 2986 1063 3033 is·

71 3055 128 3104 tola
147 3053 188 3104 ad
199 3057 303 3105 Fronc.
319 3056 497 3105 Vavussouem
515 3055 620 3122 scripta
637 3063 771 3116 testatum
789 3055 962 3105 etlauollius:
982 3003 1063 3120 (dod.
1151 3116 1153 3122 Ι

70 3121 224 3174 Peromnus
243 3121 311 3191 MS.)
331 3124 376 3173 Ita
397 3122 505 3174 omnino
521 3122 550 3170 in
568 3120 676 3173 Codice.
695 3152 729 3162 —
746 3122 856 3174 dotibus
876 3120 943 3174 cod.
961 3120 1074 3173 Peroe.-

71 3188 125 3242 Sed
141 3187 230 3244 Codd.
247 3191 318 3244 Pith.
336 3199 364 3243 ot
380 3191 454 3244 Rem.
477 3189 597 3242 vocibus.

184 3325 197 3358 Ο

453 3397 658 3422 4----ι.
