2678 3978
507 446 586 492 1111
607 441 765 495 nunnoni:
814 411 816 416 ,
1022 427 1140 502 xxvu

133 591 256 650 exitum
275 571 380 650 lucem
401 583 593 674 adspexisse.
633 591 777 674 Accepta
798 594 882 654 enim
901 606 987 656 tanta
1008 613 1026 656 e
1046 593 1138 655 fabu-

131 683 172 743 lis
193 682 385 765 calamitate3
406 709 444 748 an
465 681 620 749 credibile
641 699 706 764 est,
729 686 928 766 Phaedrum,
947 699 997 750 tot
1016 705 1140 747 aeroma

131 803 188 842 nas
201 801 408 864 perpessum,
429 781 470 842 de
484 781 620 862 labidis,
634 785 738 844 denuo
754 783 904 861 edendis,
922 769 1139 865 cogitavisse?

132 879 229 938 immo
251 867 349 954 uero,¹
371 877 457 939 omni
476 877 629 940 liberatus
653 878 815 962 periculo,
834 879 912 939 nihil
932 880 1020 961 prius
1040 879 1139 940 habu·
1170 877 1172 882 ’

134 973 211 1051 erit,
239 973 317 1034 nihil
340 974 515 1060 antiquius,
544 997 639 1060 quam
661 991 697 1039 ut
723 977 755 1038 in
782 977 867 1038 dulci
897 964 1139 1038 cerfsenescerct

133 1069 215 1131 otio:
238 1069 275 1152 b)

215 1167 351 1254 Quando
372 1169 438 1232 vita
458 1167 633 1229 excesserit
649 1168 832 1249 Phaedrus,
844 1155 928 1254 'non'
939 1167 1139 1268 liquet.-in

132 1287 214 1329 vcro
238 1267 300 1328 etsi
324 1267 363 1326 ad
391 1285 543 1326 summam
568 1276 767 1326 senectutem
790 1265 907 1330 vixisse
933 1265 1077 1343 videtur,
1103 1275 1141 1326 ut

133 1383 154 1424 e
177 1363 334 1424 nonnullis
356 1355 539 1424 'tabidarum
559 1359 656 1437 locis,
676 1360 708 1420 in
732 1358 846 1443 quibus
868 1363 1039 1424 senectutis
1064 1383 1140 1426 suaa

132 1461 327 1522 mentionem
348 1457 441 1538 facit,
456 1460 488 1538 c)
510 1481 573 1521 non
589 1457 726 1519 obscure
741 1457 849 1540 colligi
865 1470 989 1539 potest:
1011 1461 1050 1521 ad
1060 1463 1141 1526 Ves-

131 1555 253 1636 pasiani
272 1565 396 1632 tamen,
428 1567 481 1616 aut
504 1555 678 1617 Domitiani
698 1565 845 1633 tempora
870 1553 902 1613 in
926 1557 1005 1619 vivis
1029 1557 1140 1638 fuisse,
1236 1582 1241 1596 1

131 1653 222 1734 quod
243 1643 519 1732 Pagenstecherus
544 1646 724 1722 contendit,
744 1646 798 1707 vix
823 1657 871 1708 est
891 1650 1054 1710 credibile.

204 1749 366 1810 Naturam
386 1743 534 1804 habuisse
553 1741 754 1818 Phaedrum,
774 1743 944 1822 probitatis
965 1755 1061 1824 atque
1081 1743 1141 1804 bo·

131 1843 264 1906 nestatis
291 1852 462 1917 amantem,
496 1849 546 1900 tot
577 1836 727 1919 egregiae
754 1838 925 1899 ostendunt
955 1840 1141 1916 sententiae,

132 1958 217 2021 quae
241 1939 272 1996 in
294 1936 361 1997 eius
383 1935 563 1998 fabularum
592 1933 747 2016 opusculo
772 1934 933 2020 leguntur.
974 1932 1010 1992 ld
1038 1931 1142 2014 ipsum

131 2032 302 2114 probitatis
323 2032 506 2114 animosque
525 2031 688 2093 hominum
709 2030 829 2092 avitiis
850 2030 890 2090 ad
912 2029 1063 2091 virtutem
1079 2041 1142 2091 tra·

133 2128 273 2188 ducendi
297 2128 453 2204 studium,
477 2147 541 2188 non
558 2129 658 2190 malus
683 2126 821 2205 animus,
843 2148 916 2188 eum
941 2127 981 2186 ad
1002 2127 1142 2188 seriben-

133 2223 191 2282 das
212 2221 334 2282 fabulas
359 2225 513 2286 excitasse
535 2224 680 2301 videtur,
706 2221 975 2304 quemadmodum
996 2243 1014 2282 e
1035 2221 1141 2282 multis

135 2305 283 2399 opusculi
304 2319 353 2379 sui
373 2320 451 2381 locis
472 2320 654 2382 lucidenter
674 2329 817 2400 apparet.
849 2317 901 2378 Sic
922 2317 1033 2380 scribit
1054 2317 1141 2379 Prol.

134 2412 206 2473 nis.
228 2415 265 2473 11.
287 2434 315 2474 2.
337 2417 366 2477 3.
663 2403 671 2418 ‘
1136 2429 1137 2437 ¹

238 2517 293 2566 Nec
311 2518 389 2570 aliud
404 2519 553 2590 qusilquam
568 2537 620 2589 per
630 2515 753 2587 fabellas
771 2518 934 2588 quaeritur,

242 2609 330 2674 Quam
347 2611 508 2677 corrigatur
527 2629 608 2662 error
627 2622 657 2662 ut
674 2609 836 2660 mortalium.

116 2695 204 2756 'Sed
226 2698 314 2760 Prol.
336 2696 407 2759 Lib.
429 2701 450 2759 l.
474 2703 503 2765 3.
528 2711 557 2776 4.

237 2801 348 2870 Duplex
364 2803 446 2854 libelli
462 2802 514 2854 dos
534 2817 587 2854 est:
607 2802 686 2874 qttod
701 2805 786 2854 risum
805 2809 906 2862 movet,

241 2893 280 2942 Et
298 2891 377 2961 quod
390 2892 523 2961 prudenti
541 2897 622 2944 vitum
640 2895 758 2944 coassr'lr'o
776 2903 875 2944 11111111.

137 2984 264 3067 Quibus
290 2981 427 3074 adiungo
447 2981 555 3042 locum
575 2984 665 3046 Prol.
685 2984 734 3044 111.
759 2991 810 3064 49.
833 2983 882 3043 50.

244 3087 336 3156 Neque
355 3089 424 3148 enim¹
439 3097 536 3136 notare
553 3077 767 3154 singulos'mcns
786 3099 825 3137 est
843 3086 922 3145 mitt,

244 3180 341 3228 Verum
357 3177 442 3246 ipsam
461 3177 542 3228 vitum
561 3189 587 3230 et
604 3197 692 3230 mores
711 3179 848 3229 huminum
868 3175 1017 3228 ostendere.
1111 3235 1116 3249 Ι

145 3322 334 3342 ——nu—-n

90 3414 94 3418 ·
193 3395 223 3462 b)
241 3395 398 3446 Desbilloni
412 3399 486 3466 Disp.
507 3398 541 3450 de
559 3396 621 3447 viu
641 3395 755 3448 Phaedri
773 3414 800 3464 p.
819 3395 878 3446 ΧΗ.

193 3478 219 3547 c)
239 3481 297 3534 Huc
314 3483 428 3534 maximo
445 3484 564 3535 referunt
582 3481 629 3534 viri
649 3481 895 3534 discutitur.
913 3480 948 3530 X.
