2610 4002
212 458 252 534 64
516 471 663 516 euenum
691 467 891 516 rtnunsnust

212 617 363 682 Consedit
383 616 508 699 genitor
526 607 604 676 tum'
615 618 760 678 Deorum
780 615 947 690 maximus,

212 701 411 846 guassatque
432 696 570 756 fulmen:
592 708 731 757 tremere
753 715 891 776 coepere
914 693 1028 754 omnia.

239 800 312 840 anes
336 777 475 853 confusi,
494 776 614 836 subitus
636 776 723 858 quod
744 773 849 834 fuerat
869 773 995 856 fragor,

211 867 358 942 Repente
383 857 532 933 odorem,
553 856 684 916 mixtum
705 875 776 916 cum
796 854 930 928 merdis,
955 863 1073 914 cacant.

211 941 395 1006 Reclamant
420 957 546 1011 omnes,
570 935 787 996 vindicandam
807 935 962 1000 iniuriam.

212 1023 264 1083 Sic
287 1031 335 1081 est
355 1020 480 1080 Iocutus
502 1027 572 1076 ante
593 1036 727 1096 poenam
747 1014 884 1095 Iupiter:
983 1064 985 1068 .
1083 1021 1086 1024 '

211 1107 349 1183 Legatos
370 1120 434 1158 non
455 1106 502 1156 est
523 1095 607 1178 regis
629 1117 692 1156 non
713 1095 888 1171 dimittere,

211 1187 279 1244 Nec
301 1189 350 1241 est
375 1175 522 1252 difficile,
543 1196 662 1258 poenas
687 1175 799 1256 cquae
820 1175 993 1256 imponere.
1069 1183 1071 1188 '
1130 1249 1133 1256 .

211 1267 283 1325 Non
302 1271 377 1322 veto
400 1255 528 1332 dimitti,
548 1277 663 1318 verum
684 1254 820 1315 cruciari
839 1254 942 1332 fame,

211 1346 260 1403 Ne
279 1350 423 1402 ventrem
444 1336 606 1397 continere
629 1357 692 1396 non
712 1334 833 1414 possint
855 1356 955 1407 suum.

212 1425 254 1482 Et
273 1420 336 1481 hoc
358 1415 469 1477 feretis
489 1435 551 1496 pro
572 1414 689 1475 iudicio
711 1415 894 1494 praemium.

213 1502 262 1563 IIli
282 1509 404 1572 autem,
426 1495 480 1579 qui
503 1494 656 1556 miserunt
678 1514 738 1556 vos
762 1505 825 1554 tam
845 1494 969 1571 lutilos,

211 1585 378 1662 Nunquam
405 1575 556 1636 carebunt
574 1573 707 1635 hominis
732 1575 927 1637 contumelia.

213 1665 258 1722 Ita
277 1678 360 1720 nunc
383 1658 503 1738 legatos
524 1667 705 1736 exspectant
729 1664 761 1714 et
781 1655 919 1735 posteri,

182 1748 185 1758 '
212 1745 402 1824 Novumque
420 1736 531 1801 venire
552 1734 607 1819 qui
627 1736 731 1815 videt,
754 1735 860 1797 culum
880 1732 996 1797 olfacit.

613 1889 808 1904 ινα-Μ

612 2029 687 2071 nne.
707 2009 818 2076 XVIII.
867 2019 873 2032 ·

486 2142 611 2193 nono
639 2131 695 2195 ur
721 2143 941 2196 cenonas.

215 2266 281 2362 Qui
299 2263 365 2325 fert
383 2261 471 2324 malis
491 2262 657 2340 auxilium,
679 2276 753 2347 post
774 2264 903 2348 tempus
921 2267 1018 2329 dolet.

256 2346 338 2407 Gelu
358 2341 513 2424 rigentem
535 2342 662 2425 quidam
685 2345 847 2406 colubram
868 2345 1020 2424 sustulit,¹

214 2427 354 2511 Sinuque
376 2422 474 2501 fovit,
498 2435 607 2485 contra
628 2446 661 2486 se
688 2427 756 2508 ipse
778 2427 967 2488 misericors.

214 2513 357 2591 Namque
380 2514 416 2563 ut
438 2504 560 2588 refecta
581 2516 645 2584 est,
662 2507 769 2568 necuit
793 2506 951 2588 hominem
976 2505 1128 2588 protinus.

214 2592 303 2649 Hanc
324 2586 382 2647 alia
403 2606 501 2668 quum
521 2599 652 2665 rogaret
672 2608 795 2649 causam
816 2585 982 2663 facinoris,

214 2666 406 2751 Respondit:
427 2667 474 2726 Ne
498 2666 578 2750 quis¹
591 2665 691 2728 disc'at
710 2667 865 2749 prodesse
886 2666 1049 2748 improbis.

222 2831 401 2846 Μ

215 2947 248 2958 -
264 2934 293 2968 v.
312 2918 353 2968 28.
370 2916 410 2966 Ex
432 2915 619 2969 emendatione
642 2915 733 2966 Gudii.
755 2916 842 2968 Codd.
861 2919 924 2969 Non
945 2930 984 2968 est
1006 2919 1112 2988 legatos
1134 2917 1206 2984 regis

215 3005 272 3039 non
287 2984 429 3035 dimittere.
451 3015 484 3026 -
501 3003 530 3035 v.
548 2988 589 3037 3ο.
608 2985 647 3034 Et
670 2985 793 3042 emendat
810 2988 958 3038 Desbillon.
981 2988 1013 3037 In
1032 2987 1117 3040 Codd.
1146 2981 1206 3036 Sed.

215 3085 249 3098 --
266 3071 295 3103 v.
316 3055 347 3105 35
366 3063 394 3105 et
414 3054 455 3104 36.
479 3055 518 3104 Ita
533 3055 626 3121 Rigalt.
644 3053 679 3103 II.
703 3053 751 3103 sed
768 3053 853 3104 Codd.
878 3056 923 3106 I'tn
941 3073 1013 3106 nunc
1035 3057 1140 3124 legatos
1161 3071 1205 3104 er·

216 3132 366 3192 spectantes
383 3133 508 3201 posteros
524 3123 628 3172 Novum
643 3122 733 3171 venire
747 3138 805 3172 cum
821 3121 893 3174 videt
910 3132 963 3175 etc.
982 3123 1205 3176 sentilianam

216 3191 322 3258 legatos
358 3208 455 3260 rusque
469 3209 516 3240 exs
535 3201 626 3240 ectnns
659 3191 776 3238 osterum
793 3191 897 3242 Novum
914 3193 1003 3241 cernue
1016 3211 1075 3244 cnm
1093 3191 1172 3244 videt.

250 3256 317 3308 Feb.
353 3259 435 3322 ‚vlle
455 3275 484 3309 v.
506 3207 616 3324 [Cod.
635 3208 707 3308 iiam
730 3267 797 3310 teste
816 3261 964 3312 Desbillon.*
989 3270 1016 3310 et
1038 3278 1131 3312 omnes
1150 3260 1203 3310 sere

128 3331 130 3336 '
216 3323 282 3374 Edd.
301 3326 398 3375 necuit.
418 3326 484 3378 Cod.
502 3325 571 3379 Pith.
589 3328 699 3389 nocuit,
724 3343 803 3396 quam
829 3329 939 3396 quidem
956 3330 1101 3382 lectionem
1120 3328 1203 3395 Guyct

216 3393 322 3460 probet.
