2678 3978
359 1067 836 1156 ¹runnnn1

152 1233 578 1351 FABULARUM
635 1241 1077 1346 AESOPIARUM

490 1463 661 1516 LIBER
695 1464 741 1519 111.

321 1695 557 1795 PROLOGUS
578 1702 638 1761 AD
662 1699 908 1763 EUTYCHUM.

117 1846 256 1908 Phaedri
275 1847 401 1910 libellos
424 1850 535 1932 legere
556 1849 582 1908 si
606 1849 783 1926 desideras,

117 1924 227 1992 Vaces
240 1941 386 2010 oportet,
410 1928 571 2008 Eutyche,
594 1953 611 1990 a
632 1929 784 2012 negotiis,

116 2010 160 2069 Ut
177 2008 261 2068 liber
281 2009 399 2071 animus
421 2009 534 2070 sentiat
553 2009 617 2073 vim
639 2011 792 2071 carminis

117 2090 255 2166 Verum,
276 2089 393 2174 inquit,
416 2090 495 2151 tanti
516 2111 580 2151 non
601 2104 648 2152 est
672 2092 832 2175 ingenium
851 2103 954 2174 tuum,

117 2171 312 2230 Momentum
331 2183 367 2232 ut
387 2172 485 2232 horae
503 2183 615 2252 pereat
636 2172 737 2234 offleii
760 2172 832 2232 mei.
981 2203 983 2212 ·
1092 2175 1113 2237 6

116 2251 185 2310 Non
207 2269 286 2332 ergo
308 2271 399 2313 causa
423 2262 488 2328 est,
512 2252 653 2313 manibus
674 2254 707 2313 id
727 2251 813 2335 tangi
832 2255 912 2335 tuis,
961 2315 965 2324 ,

118 2328 212 2408 Quod
235 2332 393 2412 occupatis
416 2332 543 2392 auribus
563 2354 626 2392 non
648 2334 804 2394 convenit.

116 2411 263 2470 Fortasse
285 2410 389 2471 dices:
413 2411 548 2493 Aliquae
563 2409 696 2472 =venient
715 2412 835 2487 seriae,

118 2489 208 2578 Quae
227 2510 278 2550 me
300 2491 404 2552 soluto
425 2502 559 2572 pectore
584 2491 624 2549 ad
646 2492 783 2550 studium
804 2505 932 2568 voeent.

116 2571 275 2652 Legem,
299 2590 435 2655 quaeso,
456 2570 562 2652 potius
583 2571 662 2641 viles
683 2571 808 2648 nenias,
1075 2591 1111 2633 no

117 2648 278 2730 Impendas
300 2671 408 2712 euram
430 2671 525 2735 quam
547 2651 598 2712 rei
617 2650 826 2732 domesticae,

116 2727 242 2790 Reddas
265 2730 369 2790 amieis
389 2733 550 2811 tempora,
572 2732 673 2792 unorix
681 2746 791 2808 vaces,

116 2809 261 2870 Animum
282 2810 405 2871 relaxes
413 2855 427 2888 ‚.
444 2811 544 2871 otium
564 2811 620 2872 des
643 2813 789 2892 corpori,

117 2891 158 2950 Ut
177 2893 333 2952 assuetam
353 2889 469 2951 fortius
489 2903 632 2972 praestes
651 2891 778 2953 vicem?

116 2971 298 3032 Mutandum
318 2968 376 3032 tihi
395 2971 596 3054 propositum
619 2983 666 3032 est
686 2984 719 3032 et
742 2973 825 3036 vitae
847 2991 965 3058 genus,
1073 2972 1109 3034 15

110 3261 111 3266 ,
166 3211 276 3279 Prolog.
295 3229 324 3263 v.
342 3209 368 3278 d.
386 3212 478 3282 inquit
495 3223 607 3282 uterque
626 3215 696 3268 God.
714 3212 783 3264 Pith.
803 3221 830 3264 et
848 3213 920 3264 Rem.
939 3210 1107 3279 eandemque

116 3281 258 3332 lectionem
276 3287 366 3331 tuetur
384 3281 534 3332 Desbillon.
554 3285 582 3332 in
599 3292 743 3336 comment.
759 3283 815 3334 MS.
834 3280 897 3332 Vid.
915 3281 949 3330 ad
967 3281 1068 3332 ealeem
1080 3281 1105 3330 h.

118 3349 159 3398 ed.
180 3350 279 3399 Omnes
295 3350 353 3400 sere
372 3349 489 3400 editores
517 3351 579 3400 inde
599 3369 614 3403 a
631 3350 806 3403 Rittershusio
832 3359 926 3402 eontra
947 3348 1037 3400 Codd.
1061 3349 1106 3398 in-

118 3418 185 3486 quis.
203 3445 237 3456 -
255 3433 284 3467 v.
302 3421 326 3470 5.
346 3413 432 3484 officii
444 3419 497 3467 mei
513 3418 601 3470 Codd.
620 3422 674 3472 Sed
691 3413 820 3490 plurimas
837 3419 969 3470 editiones
988 3431 1106 3485 occupa·

117 3485 151 3602 {it
168 3485 266 3604 Ηοὲηείἰ
284 3487 436 3606 ῗηὲεοῖυτα
456 3483 552 3555 ‹ffiez'zs
569 3491 644 3542 meis.
662 3515 695 3531 -
712 3505 741 3540 v.
764 3491 803 3541 15.
822 3487 911 3540 Codd.
924 3487 1032 3538 ιιενὶτιιο
1042 3500 1104 3554 geu.

138 3568 196 3604 men
217 3555 269 3605 avit
311 3555 331 3604 it
351 3589 358 3603 .
