2610 4002
374 467 439 510 urs.
459 447 506 528 V',
528 467 625 534 raon.
646 465 720 512 ssu.
747 475 771 532 r.
848 467 850 472 ·

510 629 586 674 riu.
609 611 632 671 1.

334 745 529 830 neuerurus
548 746 596 798 ur
611 745 809 800 tunsurus.

76 867 279 945 Demetrius,
302 867 358 952 qui
378 867 480 930 dietus
501 879 551 930 est
569 866 762 945 Phalereus,

79 947 215 1010 Athenas
233 947 411 1030 occupavit
422 948 556 1030 imperio
577 947 735 1030 improbo.

67 1029 117 1100 ¹Ut
136 1048 206 1090 mos
229 1041 277 1091 est
300 1027 403 1110 vulgi,
424 1028 540 1110 passim
564 1041 597 1090 et
621 1028 764 1090 certatim
783 1039 896 1107 ruunt,

75 1108 243 1170 Feliciter!
264 1110 463 1170 succlamant.
503 1099 566 1190 Ipsi
583 1107 746 1193 principes

75 1187 159 1249 Illam
183 1189 382 1265 osculantur,
406 1209 469 1283 que
492 1202 565 1252 sunt
583 1187 745 1270 oppressi,
767 1209 909 1266 manum,
1049 1189 1070 1252 6

75 1269 182 1330 ‘Facite
203 1281 367 1352 gementes
386 1280 510 1330 trustem
533 1267 682 1331 fortunae
707 1268 820 1330 vicem.

76 1348 158 1434 Quin
183 1349 278 1411 etiam
297 1348 437 1426 resides,
458 1361 492 1410 et
510 1360 678 1432 sequentes
700 1347 817 1428 otium,

75 1431 120 1489 Ne
142 1428 284 1494 defuisse
306 1440 436 1506 noceat,
457 1428 576 1522 repu'nt
595 1428 715 1490 ultimi:

76 1510 200 1593 inquis
222 1509 411 1585 Menander,
430 1506 545 1570 nobilis
566 1507 757 1585 comoediis,

34 1641 41 1647 .
76 1589 177 1687 Quas,
198 1591 303 1685 ipsum
322 1588 487 1730 ἰῗηοὶαηε,
506 1588 629 1682 legerat
649 1587 850 1668 Demetrius,
1035 1607 1070 1654 ro
1159 1601 1161 1605 ’

75 1669 115 1729 ht
133 1670 303 1732 admiratus
343 1679 434 1729 uerat
454 1667 613 1750 ingemum
638 1667 715 1743 viri,

75 1748 241 1832 Unguento
267 1749 443 1824 delibutus,
464 1748 582 1830 vestitu
602 1745 754 1824 affluens,
772 1813 774 1822 ¹

74 1827 229 1910 Veniebat
249 1851 362 1913 gressu
383 1826 518 1889 delicato
542 1841 575 1890 et
593 1825 754 1911 languido.

76 1910 164 1970 Hunc
186 1908 410 1990 obturamus
431 1906 515 1968 vidit
536 1921 679 1969 extremo
702 1906 840 1990 agmine:

77 1989 226 2077 Quisnam
246 1987 394 2050 cinaedus
418 1987 472 2047 ille
493 1987 525 2048 in
546 1999 717 2070 conspeetu
740 2009 813 2051 meo
1034 1987 1071 2050 15
1101 2001 1104 2006 '

75 2069 178 2132 Audet
195 2067 330 2133 venire?
355 2065 602 2150 Responderunt
621 2067 774 2150 proximi:
983 2065 987 2071 ’

75 2151 133 2212 Hic
152 2161 202 2212 est
222 2148 395 2212 Menander
417 2147 566 2229 scriptor.
607 2151 745 2209 Mutatus
769 2146 874 2210 statim
964 2223 965 2228 η

75 2229 195 2310 Homo,
217 2230 339 2314 iuquit,
364 2227 435 2291 fieri
454 2249 517 2290 non
538 2240 647 2312 potest
667 2227 849 2292 formosior.

121 2470 188 2521 Fas.
208 2471 236 2535 1,
253 2487 283 2520 v.
300 2471 325 2522 3.
344 2470 431 2522 Codd.
451 2471 517 2522 ruit.
536 2469 664 2521 Pithoeus
682 2469 805 2520 omnibus
824 2470 881 2521 sere
896 2467 1068 2538 sequentibus

20 2579 21 2586 ,
78 2535 157 2588 edidit
175 2549 270 2592 ruunt.
288 2568 321 2580 —
339 2554 369 2591 v.
390 2541 415 2591 8.
435 2548 536 2610 repunt
556 2537 626 2588 Cod.
643 2538 745 2587 Perott.
765 2549 890 2606 repetunt
900 2537 988 2589 Codd.
998 2537 1067 2587 Pith.

78 2612 101 2652 ct
117 2607 190 2666 Rem„
207 2631 240 2648 -r
258 2625 287 2660 v.
309 2607 352 2659 ihs
367 2608 497 2674 Qus'stsam
514 2605 583 2656 Cod.
601 2606 675 2656 Rem.
694 2612 721 2655 et
736 2605 841 2655 Perott.
861 2606 980 2671 Quinam
1000 2604 1068 2654 Cod.

76 2669 141 2724 Pith.
159 2705 193 2717 -
211 2685 358 2745 conspectu
374 2693 430 2726 meo
450 2675 537 2726 Codd.
556 2672 626 2724 Pith.
654 2680 681 2722 et
698 2672 772 2722 Rern.
794 2685 965 2742 correpectum
984 2689 1069 2722 meum
1167 2717 1171 2734 ,

76 2736 175 2793 Perott.
194 2743 263 2794 Cod.
281 2771 314 2782 -
330 2760 359 2792 v.
382 2745 420 2794 18.
439 2745 470 2794 In
489 2741 577 2794 Codd.
595 2739 667 2790 Pith.
686 2749 712 2791 et
730 2741 802 2794 Rem.
820 2758 898 2792 versu
918 2758 957 2808 ¹7·
977 2743 1069 2790 sabula

76 2805 246 2880 abrumpitur.
268 2811 323 2862 Sed
341 2809 530 2878 Codaperott.
549 2817 616 2860 teste
634 2809 765 2860 Iannellio
784 2809 939 2861 hascverba
955 2809 1030 2860 addit
1041 2809 1069 2858 in

75 2871 126 2926 fine
142 2880 248 2948 lacera:
275 2880 363 2930 Homo
371 2915 380 2941 ,
397 2881 505 2949 inquit,
519 2877 592 2950 fieri
608 2895 664 2928 non
680 2888 773 2946 potest
780 2876 809 2946 f
812 2912 840 2928 ..
859 2895 902 2927 m.
919 2897 982 2927 s...
1000 2893 1069 2944 quae
1092 2941 1095 2947 1
1145 2907 1149 2914 =

76 2939 216 2998 lannellius
233 2955 264 2997 ut
281 2948 308 2997 iu
325 2955 400 2998 textu
419 2946 540 2998 dedimus
563 2945 683 2998 resarcit.
701 2945 778 2997 idem
798 2963 832 2998 ue
851 2963 884 2996 ex
899 2946 1003 2998 Perotti
1026 2960 1068 2994 ar·
1134 2977 1136 2988 .

77 3023 200 3072 numento
217 3015 323 3066 sahuae
339 3018 499 3083 praemisso:
520 3012 663 3082 Quomodo
681 3031 758 3083 saepe
768 2964 916 3082 Jallontur
933 3013 1069 3064 homiuum

78 3075 217 3144 iudicium,
234 3083 261 3132 in
280 3083 373 3134 Indice
389 3085 426 3134 ita
443 3084 576 3152 repetito:
598 3085 686 3148 Quam
704 3100 782 3152 saepe
801 3085 831 3132 in
849 3081 929 3132 rebus
943 3081 1067 3132 hutnoru's

78 3141 202 3208 fallatur
216 3151 361 3202 humanum
378 3149 519 3212 iudicium,
536 3151 589 3201 hoc
606 3149 714 3202 fabulae
735 3149 906 3220 epimythium
917 3151 999 3200 fuisse
1010 3165 1067 3206 sus·

79 3213 195 3276 pientur:
219 3219 373 3270 Humanum
390 3237 468 3288 saepe
488 3220 529 3270 sic
546 3215 675 3269 r'udr'cium
683 3215 810 3286 fallitur.
828 3219 881 3269 Alii
901 3219 978 3269 aliter
993 3220 1067 3274 lacu·

80 3293 137 3331 nam
154 3287 292 3355 supplent3
311 3296 392 3356 etque
405 3288 588 3340 Deshillouius
607 3284 715 3352 quidem
724 3288 751 3336 in
763 3285 833 3338 hunc
845 3286 969 3351 modum:
989 3287 1067 3336 Nun-

82 3361 157 3412 quam
164 3389 173 3415 ,
191 3356 220 3404 in
241 3357 296 3419 uit,
313 3355 433 3426 homines
447 3357 530 3427 specie
543 3353 577 3406 ab
589 3363 704 3405 externa
715 3355 784 3408 mihi
795 3353 1002 3412 Diiuds'cundos
1011 3371 1068 3406 esse

59 3449 61 3456 ν
83 3429 149 3472 manc
166 3423 221 3476 inte
250 3425 298 3492 'go
