2610 4002
234 455 274 517 08
543 469 691 514 nunnoni
712 468 911 512 reanum

467 665 470 670 .
699 611 771 672 Hoc
791 612 945 694 scriptum
967 623 1016 674 est
1034 609 1110 692 tihi,

234 693 317 785 Qui,
339 712 449 776 magna
469 713 567 778 quum
587 691 730 768 minaris,
751 691 885 754 extricas
902 691 987 754 nihil.

625 973 701 1015 rna.
721 953 831 1016 Illllll.

518 1141 519 1146 ,
548 1081 705 1134 ronurcn
723 1084 768 1135 nr
786 1051 915 1136 nosen.

234 1205 380 1268 Formica
402 1216 434 1267 et
454 1223 561 1266 musca
580 1202 813 1286 contendebant
834 1203 968 1281 aeriter,

233 1288 325 1365 Quae
346 1286 445 1368 pluris
469 1295 563 1345 esset.
603 1287 713 1345 Musca
732 1284 776 1345 sic
801 1283 908 1364 coepit
929 1285 1037 1367 priore

234 1365 392 1428 Conielre
412 1364 529 1425 nostris
550 1375 586 1424 tu
603 1377 699 1446 potes
720 1376 753 1425 to
777 1365 947 1425 laudibus?

233 1445 295 1506 Ubi
314 1445 511 1521 immolatur,
534 1457 605 1504 exta
624 1458 811 1528 praesgusto
833 1445 957 1524 Deiim,
1205 1515 1208 1526 Ι

228 1527 344 1587 moror
363 1527 445 1587 inter
466 1543 554 1604 eras²
572 1527 690 1608 templa
713 1527 873 1608 perlustro
895 1525 1007 1586 omnia.
1061 1593 1064 1598 ⁸
1208 1524 1226 1584 ὅ

234 1607 267 1665 ln
292 1606 393 1686 capite
415 1601 500 1688 regis
521 1604 635 1684 sedeo,
657 1629 755 1690 quum
777 1607 878 1667 visum
902 1617 949 1665 est
972 1604 1064 1684 nihi,
1127 1639 1129 1648 =

233 1688 275 1746 Et
295 1699 508 1747 matronarum
528 1698 612 1746 casta
635 1687 742 1747 delibo
763 1685 888 1766 oscula,
926 1711 940 1728 *-

234 1766 361 1829 Laboro
381 1766 473 1844 nihil,
495 1777 590 1861 etque
612 1768 738 1862 optimis
761 1767 857 1828 rebus
878 1767 982 1826 l'ruor.

233 1846 320 1952 Quid
338 1847 453 1910 horum
473 1845 573 1908 simile
592 1849 651 1908 tiln
671 1847 838 1921 continuit,
858 1844 998 1907 rustica?
1019 1880 1059 1890 —-

229 1931 290 1988 lest
309 1923 466 2008 gloriosus
487 1947 562 1988 sane
582 1928 745 1991 convictus
766 1897 888 2002 licium,
1192 1939 1224 1983 ro

233 2007 298 2068 Sed
318 2007 380 2085 illi,
400 2007 456 2089 qui
477 2006 645 2086 inritatur,
664 2030 727 2069 non
748 2008 803 2089 qui
823 2007 940 2068 inviSus
961 2016 1019 2068 est.
1067 2056 1068 2065 ,

233 2091 314 2148 Aras
335 2086 537 2168 frequentas:
558 2107 674 2169 nempe
698 2087 851 2169 abigens,
873 2107 938 2170 quo
958 2080 1055 2149 irenis.

233 2170 338 2248 Reges
363 2185 609 2242 commemoras,
631 2181 664 2228 et
684 2178 896 2230 matronarum
915 2167 1041 2244 oscula3
1085 2208 1089 2213 -

233 2245 339 2386 Suqter
358 2245 451 2306 etiam
472 2244 584 2324 iactas,
604 2257 717 2330 tegere
738 2247 824 2330 quod
845 2247 942 2308 debet
955 2245 1074 2387 qiudor.

233 2328 271 2387 Ni
295 2325 317 2386 il
336 2326 478 2387 laboras:
500 2326 591 2404 ideo,
614 2350 711 2411 quum
735 2349 815 2410 opus
838 2340 902 2405 est,
922 2328 954 2388 ni
986 2327 1094 2387 habes.
1193 2323 1225 2385 15

233 2407 304 2488 Ego
327 2427 459 2489 granum
481 2406 512 2468 in
533 2407 670 2469 hiemem
688 2430 785 2491 quum
805 2408 946 2468 studiose
967 2426 1128 2490 congero,

234 2491 282 2547 'l'e
306 2488 390 2549 circa
410 2509 536 2548 murum
559 2490 644 2570 posci
668 2489 760 2551 video
782 2499 935 2550 stercore.

171 2571 175 2576 “
233 2569 363 2629 Aestate
386 2587 437 2628 me
458 2563 602 2647 lacessis}
626 2591 725 2654 quum
744 2569 856 2656 bruma
876 2580 942 2647 est,
962 2566 1045 2629 siles.

284 2773 353 2826 Fub.
380 2773 478 2824 xxm.
507 2773 625 2841 Uterque
650 2771 720 2824 Cod.
744 2771 814 2823 Pith.
841 2781 868 2824 et
891 2772 1043 2836 Remcnsis,
1067 2771 1224 2839 primaeque

233 2841 302 2894 Edd.
320 2842 438 2893 fabulam
466 2841 500 2891 nb
524 2841 577 2893 hoc
598 2858 674 2892 versu
698 2841 842 2909 incipiunt:
867 2841 943 2892 Nihil
962 2858 1046 2909 ogere
1072 2836 1151 2956 quod
1170 2853 1226 2888 rann

230 2912 325 2982 prosit
332 2907 440 2978 sabella
459 2908 570 2960 indicat.
587 2909 743 2978 RepudIavit
760 2926 863 2960 versum
881 2910 975 2976 Rigalt.
991 2909 1041 2960 Ed.
1060 2907 1094 2957 1.
1113 2915 1140 2957 et
1158 2907 1225 2956 alise

233 2979 334 3030 deinde
353 2993 459 3042 omnes,
486 2995 574 3046 neque
591 2978 619 3027 in
638 2978 706 3042 Cod.
723 2977 826 3028 Perotl.
845 2977 966 3030 habetur.
990 2969 1025 3017 -‘-
1048 2992 1078 3026 v.
1099 2987 1138 3026 ιο.
1157 2973 1225 3026 Cod.

232 3049 334 3100 Peroll.
350 3045 431 3116 plane
448 3061 500 3114 pro
516 3063 590 3096 sttroe.
607 3073 643 3084 —
660 3063 689 3096 v.
710 3060 749 3095 ια.
767 3045 814 3096 Hic
830 3062 921 3096 versus
938 3054 965 3098 et
983 3047 1100 3114 qulnquc
1111 3058 1225 3110 sequen·

233 3123 274 3166 tes
291 3114 361 3165 varie
380 3115 407 3164 in
423 3113 491 3164 Edd.
508 3122 729 3182 transponuntur.
748 3114 803 3164 Nos
822 3130 884 3164 eum
901 3114 1024 3166 ordinem
1041 3113 1224 3164 secutisnmus

234 3198 297 3234 cum
313 3181 496 3246 Desbillonio‚
522 3197 602 3249 quem
619 3182 723 3249 Rigallii
740 3181 789 3232 Ed.
808 3181 842 3232 11.
864 3183 1012 3234 secundum
1030 3181 1146 3231 Codices
1170 3193 1224 3229 ser-

232 3258 285 3301 vat.
304 3247 449 3314 Pithoeus,
471 3247 677 3315 liittemhusius,'
701 3252 844 3318 pluresque
869 3252 914 3301 nlii
931 3253 1013 3304 talem
1033 3249 1156 3300 ordinem
1173 3255 1224 3298 stn-
1281 3291 1282 3294 ,

232 3325 327 3370 luunt:
356 3333 377 3368 r.
402 3314 436 3383 (ν’.
458 3333 487 3368 tn
529 3315 616 3384 Ileges
634 3335 831 3370 comntemorus.
858 3335 883 3370 α.
900 3319 964 3387 Ego
1009 3334 1115 3370 rcnum.
1144 3319 1168 3368 3.
1189 3311 1225 3364 Te

232 3388 319 3436 circa.
338 3383 363 3450 4.
382 3387 454 3433 Aras
485 3397 640 3454 requenter.
658 3389 683 3438 5.
702 3385 781 3436 Nihil
794 3383 917 3437 laboras.
935 3388 962 3438 6.
978 3336 1068 3456 disper
1079 3384 1223 3435 etiamr'uc·

233 3463 287 3504 tas.
304 3453 393 3510 Alunt
411 3451 505 3503 endem
523 3453 682 3504 observatur
700 3455 727 3503 in
747 3453 815 3508 Cod.
833 3456 935 3505 Perott.
954 3471 1076 3506 versuum
1088 3454 1180 3504 series.
1192 3475 1224 3488 -

442 3517 473 3568 'l.
492 3519 545 3570 Sed
563 3522 694 3589 plurimae
713 3520 781 3572 Edd.
799 3521 904 3572 Pithoei
921 3524 1102 3573 coniecturam
1117 3533 1223 3588 reprae-

462 3585 491 3638 ’u
510 3588 608 3640 iactas.
625 3615 660 3628 -
669 3603 698 3640 ν.
719 3587 835 3648 18.Cod.
847 3589 949 3642 Perott.
965 3587 1023 3641 Cur
1035 3588 1130 3640 brumu
1144 3583 1226 3637 sales?
