2610 4002
484 491 559 534 ne.
585 474 665 537 13-
677 481 721 546 14.

87 634 162 694 Per
182 651 265 727 quas
286 632 396 696 ridere
418 634 519 716 possit
538 631 623 694 illam
644 633 778 717 saepius.

89 712 294 794 Quotidiana
315 727 412 796 capta!
426 712 653 776 consuetudine

88 793 269 854 Paullatim
289 793 373 854 facts
395 806 443 856 est
465 794 604 855 advenae
624 793 834 873 summissior3

89 876 172 934 Mox
197 874 339 934 arctiore
357 875 457 937 vinxit
477 874 611 935 animum
631 875 756 956 copula.

86 955 157 1016 -Hic
180 952 261 1014 dum
288 956 443 1018 consumit
462 963 570 1016 noctes
593 955 683 1016 miles
705 953 854 1036 diligens,
1054 957 1092 1020 ns

88 1033 326 1096 Desideratum
351 1050 399 1100 est
419 1054 535 1116 corpus
561 1054 600 1094 ex
623 1055 684 1095 una
704 1048 809 1095 cruce.

89 1113 264 1176 Turbatus
284 1114 373 1175 miles
393 1115 514 1178 factum
533 1114 662 1196 exponit
681 1114 815 1177 mulieri.

89 1195 136 1255 At
159 1204 273 1255 saneta
292 1193 422 1275 mulier,
442 1198 514 1258 Non
535 1207 584 1256 est
649 1195 691 1258 od
710 1194 838 1275 timeas,
858 1196 917 1275 alt3

17 1295 21 1304 ’
89 1274 236 1357 Virique
258 1294 375 1414 corpus
399 1277 494 1340 tradit
513 1272 597 1358 figen
620 1296 673 1336 um
693 1274 798 1355 cruci,

90 1358 141 1416 Ne
164 1353 313 1415 subeati
339 1376 357 1418 e
381 1375 499 1438 poenas
520 1355 737 1438 negligentiae.

89 1435 146 1497 Sic
167 1433 339 1517 turpitudo
358 1435 459 1500 laudis
479 1431 603 1499 obsedit
621 1435 736 1520 locum.
800 1511 802 1518 Ι

446 1555 694 1584 ‘m-

506 1682 581 1724 rsu.
605 1661 689 1730 XIV.

172 1874 175 1882 .
229 1795 302 1848 DUO
319 1798 466 1850 IUVENES
485 1799 621 1867 SPONSI,
638 1800 739 1854 DIVES
757 1802 802 1856 ET
817 1802 962 1856 PAUPER.

127 1913 461 1976 Fortunomdtterdum
479 1923 600 2073 prosator
618 1933 697 1994 spem
717 1925 807 1997 utque
825 1921 1057 1995 expectationem

345 2007 347 2014 '
521 2029 524 2036 ·
549 2013 647 2056 avere.

90 2093 197 2186 [lnam
218 2117 410 2203 expetebant
431 2118 586 2202 virginem
605 2120 736 2184 iuvenes
757 2117 839 2184 duos
907 2133 910 2144 ’

92 2202 184 2273 llicit
201 2200 349 2284 locuples
390 2219 473 2262 enus.
486 2213 519 2262 et
539 2197 674 2265 formam
694 2199 853 2284 pauperis.

91 2285 137 2345 Ut
154 2281 340 2364 nuptiarum
384 2281 461 2352 'ctus
481 2280 610 2345 advenit
630 2282 715 2362 dies,

91 2364 230 2426 Animus
251 2361 396 2423 dolorem
416 2361 491 2442 quia
508 2383 573 2424 non
592 2371 720 2458 poterat
739 2363 884 2502 perpeti,

92 2445 243 2506 Maerens
267 2439 381 2523 propin
427 2461 462 2500 os
486 2442 617 2503 conusht
636 2462 671 2502 se
692 2443 723 2502 in
769 2441 910 2522 ortulos,
1068 2443 1090 2506 ὅ

94 2523 188 2604 Quos
210 2520 421 2603 ultrapaulo
441 2518 515 2582 villa
534 2519 607 2582 ditis
628 2521 791 2604 splendida
863 2553 865 2558 ·
899 2572 904 2580 .

2 2669 3 2676 .
93 2605 176 2668 Erat
195 2611 366 2683 acceptura
384 2599 433 2664 vir
457 2599 464 2614 ⁶
489 2620 539 2664 em
561 2619 580 2662 u
603 2601 711 2664 matris
731 2601 819 2678 sinu,

93 2685 216 2744 Parum
236 2681 340 2763 ampla
359 2679 391 2742 in
409 2703 450 2742 ur
472 2699 490 2741 e
511 2680 578 2742 visa
599 2681 687 2765 quod
708 2679 816 2743 fuerat
838 2679 960 2744 domus.

93 2765 221 2846 Pompa
242 2760 433 2846 explicatur:
453 2761 547 2823 turba
567 2761 731 2824 concurrit
750 2761 931 2845 frequens,-

93 2901 299 2918 m

94 2999 130 3017 ·-
144 2992 176 3028 ν.
195 2991 237 3030 at.
257 2973 372 3026 Cassitus
389 2976 474 3027 male:
497 2985 607 3047 possen
631 2972 699 3025 Cod.
725 2972 797 3042 apud
814 2973 972 3026 Iunuellium
988 2975 1086 3044 possit.
1142 2985 1146 2990 ·

96 3074 130 3086 -
150 3063 181 3096 v.
199 3045 241 3098 αδ.
260 3043 305 3098 stc
319 3044 398 3112 plone
415 3043 507 3096 Codex
520 3045 548 3094 in
566 3042 917 3112 exemplo'llurmannisn03
940 3061 955 3094 e
975 3042 1012 3093 ud
1025 3044 1085 3094 Ian·

96 3114 210 3163 nellium
228 3110 331 3164 adv...
349 3111 423 3179 quod
452 3120 478 3164 et
500 3114 556 3194 ipse
580 3111 678 3164 eodem
703 3109 786 3160 modo
807 3111 930 3161 restituit.
953 3061 1085 3185 garritus:

98 3178 184 3248 facta
202 3193 243 3231 sst
260 3180 300 3232 ad
315 3190 405 3232 votum
422 3182 644 3237 tumnensium-
659 3195 690 3231 v.
702 3179 744 3230 28.
756 3179 824 3231 Cod.
839 3179 932 3230 timeas
945 3188 1013 3232 teste
1025 3181 1085 3230 Iun-

97 3249 192 3298 uellio.
210 3249 327 3301 Cassitus
344 3258 458 3300 metuas.
1170 3279 1176 3298 t

147 3314 215 3366 Fob.
233 3317 310 3383 XIV,
327 3335 357 3368 v.
377 3331 400 3369 t.
421 3317 483 3368 Und
498 3315 567 3368 Cod.
583 3321 651 3366 teste
668 3314 812 3381 laurento,
832 3317 878 3384 qui
895 3314 970 3366 idem
985 3323 1085 3384 servat;

98 3399 192 3434 omnes
209 3387 305 3453 reliqui
327 3403 417 3438 unam.
439 3413 472 3427 ·-
486 3402 516 3437 v.
541 3382 566 3451 4.
584 3386 686 3436 Amans
709 3383 831 3437 dolorem
854 3383 945 3435 Cassit
963 3411 997 3423 -
1013 3401 1042 3434 v.
1059 3384 1085 3434 (i.
1157 3439 1160 3448 .

98 3450 167 3501 Cod.
186 3453 257 3522 apud
274 3454 442 3506 Ianncllium:
461 3457 538 3522 Quos
556 3452 629 3503 ultro
645 3449 729 3525 paulo
749 3455 813 3505 villu
825 3450 962 3522 splendidi
973 3451 1086 3512 divitis;
1155 3449 1157 3454 '

98 3517 246 3572 Burmann.
263 3520 395 3589 Catulus,
411 3522 734 3591 lannelliutsplendidm
751 3532 891 3596 praeterea
901 3521 1016 3573 Cassitus
1026 3522 1085 3571 Hos

100 3587 185 3642 ultra.
201 3593 299 3645 Nostra
315 3594 396 3646 lectio
412 3592 507 3644 Bothio
524 3589 647 3645 debetur.
