2678 3978
537 473 684 519 Puteum
708 473 907 520 FABULABU!

536 670 540 680 ,
632 634 728 680 'ran
748 617 788 676 X.

375 745 492 796 POETA
510 745 554 796 DE
574 743 727 798 CREDERE
745 747 790 796 ΕΤ
808 743 882 796 NON
902 741 1063 794 CREDERE.

225 859 446 924 Periculosum
470 871 518 920 est
538 855 688 934 credere„
711 871 743 920 et
763 879 827 920 non
847 855 990 918 eredere.

225 940 396 1024 Utriusque
419 940 597 1020 exemplum
618 940 760 1002 breviter
781 958 935 1019 exponam
955 935 1012 996 rei.

266 1020 458 1102 Hippolytus
482 1019 577 1094 obiit,
597 1021 670 1104 quia
690 1039 847 1085 novercae
869 1015 1025 1080 creditum
1044 1027 1112 1095 est3

226 1093 420 1162 Cassandrae
441 1099 513 1184 quia
537 1118 600 1159 nen
620 1101 795 1174 creditum,
814 1098 878 1158 ruit
898 1097 998 1156 Ilium.

226 1183 315 1262 Ergo
337 1180 528 1260 exploranda
552 1192 600 1240 est
621 1181 736 1241 veritas
757 1180 908 1255 multum,
927 1176 1016 1259 pr'iue
1208 1177 1233 1241 5

226 1262 332 1402 Euam
352 1260 448 1320 stulta
463 1279 562 1345 prave
585 1259 704 1322 iudicet
724 1258 889 1320 sententia.

253 1341 293 1402 ed
312 1339 457 1402 fabulosa
477 1359 517 1400 ne
538 1352 696 1401 vetustate
716 1341 857 1414 elevem,
968 1339 970 1342 ’

226 1419 367 1482 Narrabo
391 1415 465 1494 tibi,
487 1420 640 1480 memoria
659 1420 747 1504 quod
769 1418 958 1482 factumest
980 1435 1060 1477 mea.

264 1500 395 1560 Maritus
418 1497 546 1585 quidam
567 1521 664 1582 quum
684 1499 832 1582 diligeret
855 1498 1039 1580 coniugem,
1141 1555 1145 1568 ,

227 1585 412 1722 Togamque
434 1600 546 1665 puram
568 1579 629 1642 iam
650 1592 778 1662 pararet
797 1577 880 1655 tilio,
1190 1596 1232 1639 ιο

227 1662 270 1723 Se
292 1671 385 1725 uctus
411 1661 443 1721 in
465 1673 624 1723 secretum
645 1685 662 1722 a
682 1660 797 1726 liberto
821 1671 869 1720 est
890 1676 968 1734 suo,
1036 1733 1039 1738 Ι

227 1742 382 1824 Sperante
402 1739 555 1802 heredem
570 1740 681 1803 ¹suffici
698 1762 736 1815 se
754 1739 941 1823 proximum.
1136 1814 1140 1824 ¹

227 1823 311 1966 ssUi’
336 1844 434 1908 quum
455 1822 495 1884 de
517 1822 736 1903 pueromulta
755 1821 903 1882 mentitus
926 1816 1030 1898 foret,

258 1916 271 1964 t
290 1903 383 1985 plura
403 1901 443 1963 de
463 1901 504 1963 ssa
527 1903 587 1968 itiis
608 1915 711 1963 castae
731 1900 889 1980 mulieris,

227 1982 370 2059 Adiecit,
390 1982 423 2043 id
444 1924 531 2066 quod
553 1983 709 2043 sentiebat
732 1983 865 2042 maxime

227 2063 411 2126 Doliturum
434 2062 564 2138 amanti,
585 2063 739 2122 ventitare
759 2062 954 2140 adulterum,

228 2145 412 2224 Stuproque
432 2141 520 2225 turpi
538 2142 639 2222 pollui
662 2141 777 2204 famam
798 2139 920 2201 domne.

122 2279 126 2291 ,
228 2223 375 2292 Incensus
396 2221 450 2281 ille
468 2221 550 2281 l'also
569 2221 678 2281 uxoris
699 2221 845 2297 crimine,

229 2300 395 2372 Simulavit
415 2300 478 2369 iter
502 2299 541 2361 ad
562 2301 683 2380 villam,
699 2301 847 2386 clamque
867 2300 899 2362 in
919 2299 1039 2385 oppido

279 2554 347 2611 Fae,
365 2554 418 2618 IX,
437 2569 466 2610 o.
486 2567 510 2604 2.
527 2568 627 2622 pouum
645 2551 715 2607 God.
725 2555 827 2607 Perott.
841 2553 971 2604 lunellius
982 2571 1043 2606 cum
1053 2555 1155 2623 syllaba
1163 2573 1227 2608 rne-

229 2624 274 2674 diu
293 2624 320 2674 in
339 2639 404 2674 voce
423 2623 514 2672 utrius
533 2621 646 2688 produci
666 2621 763 2691 possit,
782 2639 837 2672 non
857 2637 924 2689 opus
944 2639 1000 2674 esse
1018 2632 1109 2674 censet
1124 2625 1225 2678 immu-

229 2693 330 2744 tatione
347 2707 362 2741 a
381 2692 531 2750 Burmanno
551 2692 690 2758 proposita
707 2690 822 2740 breuiter·
840 2708 912 2752 exem
931 2691 986 2742 lum
997 2709 1106 2758 potuim.
1118 2710 1186 2742 -v.
1197 2696 1225 2745 5.

229 2760 299 2812 Cod.
317 2761 419 2810 Perott.
438 2775 541 2826 semper
577 2759 644 2815 rius.
662 2776 740 2808 -v.
760 2774 784 2824 7.
803 2759 842 2808 Ila
859 2758 898 2808 Co
920 2795 927 2814 ,
946 2757 1014 2808 Pitlr.
1034 2768 1103 2812 teste
1114 2759 1225 2811 Desbil·
1327 2815 1328 2820 ,

228 2831 303 2880 lonio
323 2829 350 2877 in
369 2827 518 2880 Comment.
564 2827 590 2875 S.
609 2829 763 2894 multaeque
782 2825 849 2876 Edd.
869 2826 962 2878 Codex
972 2827 1045 2876 ilem.
1057 2827 1155 2878 eodem
1168 2837 1225 2880 tes.

229 2905 271 2948 te:
290 2893 346 2946 Sed
351 2892 489 2963 stabulone
505 2911 537 2951 ne
556 2905 712 2946 vetustatem
731 2894 833 2945 elevem.
852 2893 921 2945 Cod.
940 2895 1043 2944 Perott.
1069 2895 1225 2966 Sedfobu·
1327 2885 1328 2906 ¹

228 2964 314 3020 losum
331 2980 363 3013 ue
383 2952 673 3014 vetustatemffisseras.
692 2963 749 3013 Viri
768 2961 844 3014 docti
864 2964 940 3012 variis
960 2963 1225 3016 coniecturislocum

145 3055 147 3066 =
229 3039 381 3100 tentarunt„
400 3032 468 3080 inter
486 3045 549 3098 quas
568 3033 713 3099 praecipue
731 3049 759 3082 se
777 3031 949 3086 commendat
966 3031 1091 3083 Bentleii:
1110 3031 1166 3082 Sed
1169 3030 1225 3100 su·

230 3096 352 3152 brtlosom
370 3115 402 3147 ne
422 3108 577 3154 vetustatem
594 3099 685 3150 eleves.
702 3127 736 3138 -
756 3115 784 3149 v.
807 3114 956 3167 impuram
975 3113 1144 3167 compararet
1151 3101 1226 3170 filio

170 3225 172 3235 q
229 3162 299 3216 cod.
318 3167 420 3216 Perott.
438 3195 472 3205 —
489 3179 517 3216 v.
540 3184 578 3217 ιι.
597 3178 637 3216 est
653 3167 728 3218 addit
745 3165 812 3218 Cod.
832 3168 933 3218 Perott.
960 3166 1056 3233 reliqui
1081 3167 1130 3218 hac
1156 3187 1225 3220 voce

229 3241 331 3287 curent.
349 3261 382 3272 -
398 3251 426 3284 u.
447 3251 485 3285 ta.
501 3235 539 3284 lta
558 3235 652 3302 Rigalt.
670 3235 719 3285 Ed.
736 3235 769 3284 ΙΙ.
788 3244 814 3286 et
825 3232 1001 3284 aliaodeinde
1015 3251 1115 3289 omnes.
1132 3235 1224 3290 Codd.

229 3300 299 3358 Pitlt,
318 3309 344 3351 ut
363 3301 434 3351 Rem.
454 3301 585 3370 Sperante
603 3302 722 3353 heredem
738 3301 867 3371 sufficiun
885 3319 964 3370 prox.
978 3301 1047 3351 Cod.
1063 3305 1164 3354 l’crott.
1177 3303 1223 3352 lu·-

231 3367 397 3439 redemfierr'
412 3388 439 3420 se
454 3389 537 3440 prox.
562 3373 665 3422 Primae
684 3369 753 3421 Edd.
772 3372 841 3421 duce
860 3369 973 3420 Pithoco
993 3370 1115 3434 lterudem
1138 3389 1165 3422 sc
1174 3369 1223 3439 se·

231 3439 299 3495 cisse
317 3455 401 3505 prox.
420 3467 452 3478 -
470 3451 500 3492 v:
522 3442 560 3490 13.
579 3441 636 3506 (toi
651 3437 715 3492 dum
733 3437 803 3496 Cutl.
820 3437 890 3496 Pith.
909 3465 940 3478 ·-
960 3451 990 3490 v·
1010 3439 1224 3494 reticulorum

232 3516 372 3566 carnoten·
392 3503 460 3564 Cud.
476 3507 578 3566 Peron-
1116 3507 1119 3516 “
