2678 3978
226 480 265 544 ao
537 485 683 532 auarum
706 483 903 530 raaunaann

224 643 311 706 Vera
330 636 463 699 fabella:
483 633 622 718 pretium
646 640 695 690 est
715 645 834 708 operae
855 619 1028 684 attendere.
1055 659 1058 666 ,

267 723 382 781 Caesar
404 717 549 778 Tiberius
572 731 670 796 quum
691 706 803 790 pete'ns
823 701 990 783 Neapolim

127 847 130 850 -
223 803 259 861 In
278 799 486 860 Misenensem
507 795 613 855 villam
636 789 775 850 venisset
795 804 901 860 suam,

225 882 316 960 Quae
336 890 443 939 monte
465 893 587 937 summo
608 869 712 952 posita
731 864 855 926 Luculli
875 881 986 938 manu,

223 963 305 1022 Pros
330 971 413 1019 ectat
432 955 573 1017 Siculum
594 963 626 1011 et
648 947 781 1028 despicit
805 948 943 1006 Tuscum
966 959 1070 1020 mare3
1186 961 1223 1002 ro

224 1043 275 1101 Ex
299 982 462 1100 alticinctis
485 1052 564 1094 unus
587 1028 790 1102 atriensibus,

227 1120 287 1180 Cui
302 1119 408 1181 tunica
428 1117 467 1178 ah
488 1111 630 1175 humeris
651 1109 749 1169 linteo
771 1103 900 1167 Pelusio

224 1203 305 1261 Erat
322 1198 486 1280 destricta,
511 1193 600 1254 cirris
620 1186 891 1270 dependentibus,

225 1279 469 1342 Perambulante
490 1275 572 1334 laeta
592 1269 730 1333 Domino
753 1265 882 1341 viridia,

225 1351 362 1422 Alveolo
381 1355 490 1438 coepit
508 1355 614 1436 ligneo
635 1367 848 1428 conspergere
1186 1339 1224 1401 15

225 1443 366 1502 Humum
388 1445 598 1510 aestuantem,
620 1449 711 1492 come
733 1426 877 1489 officium
898 1423 1057 1484 iactitant:

226 1519 293 1581 Sed
314 1517 486 1583 deridetur,
527 1513 603 1574 inde
625 1509 708 1570 notis
729 1505 863 1569 {lenibus

225 1598 410 1661 Praecurrit
431 1595 525 1656 alium
546 1593 578 1653 in
598 1602 737 1672 xystum,
757 1586 868 1648 sedans
887 1582 1064 1679 pulverem.

225 1679 379 1763 Agnoscit
396 1675 557 1737 hominem
579 1673 711 1744 Caesar,
728 1686 861 1749 remque
885 1661 1041 1744 mtelligit.

225 1762 256 1820 Is
277 1772 314 1820 ut
324 1756 456 1841 ‘putavit
477 1775 546 1815 esse
566 1751 673 1814 nescio
717 1748 771 1810 uid
790 1746 883 1823 honi,
1182 1755 1225 1800 no

226 1840 333 1905 Heus!
355 1836 457 1921 inquit
478 1833 643 1896 Dominus.
724 1850 741 1890 e
764 1825 926 1890 enimvero
949 1822 1063 1899 assilit,

208 1919 413 1982 ¹Donationis
435 1917 539 1976 alacer
562 1923 669 1975 certae
689 1908 815 1992 gaudio,

228 2004 311 2060 'Pom
332 2000 375 2059 sic
396 1999 499 2057 iocata
518 2005 567 2054 est
586 2003 671 2054 tanta
691 1987 836 2050 maiestas
851 1983 973 2046 *Ducist

227 2083 298 2140 Non
318 2077 452 2138 multum
470 2073 583 2154 egisti,
606 2083 639 2131 et
660 2063 759 2151 opera
779 2065 1113 2150 nequicquam¹perit3

227 2158 328 2220 Multo
349 2154 475 2219 maioris
497 2153 606 2234 alapae
628 2169 753 2210 mecum
771 2158 919 2212 veneunt.
1184 2145 1227 2208 25

645 2419 720 2486 rap.
748 2399 805 2466 Vl.

442 2517 591 2625 norun,
616 2537 750 2590 coniux
767 2537 812 2586 ar
834 2531 1004 2582 rnsruoo.

230 2666 348 2728 Contra
368 2673 515 2746 potentes
534 2681 628 2724 nemo
651 2669 699 2718 est
719 2654 855 2717 munitus
877 2654 989 2734 satis3·

229 2747 265 2807 Si
284 2765 363 2806 vero
387 2742 520 2804 accessit
544 2739 725 2800 consiliator
746 2733 923 2812 maleficus,

209 2845 210 2850 ’
228 2827 287 2894 Vis
308 2838 341 2886 ct
360 2823 501 2919 nequitia
523 2818 673 2912 quicquid
697 2828 897 2910 oppugnant,
920 2814 995 2876 ruit.

268 2905 385 2989 Aquila
407 2926 440 2965 ιιι
461 2899 594 2962 subhme
615 2898 740 2960 sustuht
758 2897 966 2958 testudinem}

228 3039 424 3072 'm

229 3172 264 3222 -ς
279 3160 310 3222 3²·
331 3156 370 3195 ιο.
389 3141 477 3194 Codd.
494 3139 627 3220 prospicit
647 3140 763 3202 Tuscum
780 3158 862 3195 more.
879 3142 978 3210 Geyer.
997 3139 1146 3194 emendarit
1163 3136 1226 3189 des-

228 3223 306 3292 picit.
324 3239 357 3250 —
374 3226 403 3258 v.
423 3209 463 3274 14.
483 3207 583 3259 vandra
603 3209 734 3276 Heinsius3
753 3227 815 3260 nam
829 3209 921 3260 eodo.
942 3218 969 3260 et
987 3212 1087 3278 primae
1104 3207 1174 3258 Edd.
1187 3210 1225 3258 νὶ-

136 3331 139 3350 Ι
229 3278 338 3332 ndario
355 3292 432 3326 versu
450 3293 504 3327 uno
523 3276 593 3345 pede
612 3277 745 3346 longiore.
764 3305 798 3316 -
815 3295 844 3327 v.
863 3280 902 3330 16.
922 3277 1029 3327 iactans
1049 3275 1165 3344 officium
1177 3292 1225 3325 co-

231 3366 271 3400 me
288 3355 382 3398 contra
400 3353 524 3394 metrum.
542 3346 639 3396 Nostra
657 3350 739 3400 lectio
759 3347 874 3397 debetur
893 3347 1016 3412 Rigaltio.
1035 3377 1067 3388 -
1085 3364 1114 3402 v.
1132 3357 1175 3396 ao.
1194 3345 1225 3393 Is

147 3459 151 3468 .
232 3418 388 3469 coniectura
405 3409 569 3462 addiderunt
585 3411 690 3468 Brotier
708 3426 734 3467 et
753 3415 902 3478 Desbillou.
925 3413 962 3463 Id
985 3415 1055 3465 Pith.
1081 3415 1112 3466 In
1131 3409 1226 3462 Godd.

230 3493 395 3604 pppppaepox
413 3479 556 3547 reperitur.
579 3505 615 3518 -·
634 3502 661 3536 v.
681 3498 722 3550 ²3·
742 3484 784 3536 Cf.
809 3490 872 3532 nota
891 3482 1039 3538 Dcshillon.
1064 3481 1099 3534 ad
1121 3481 1226 3531 calcem
