2678 3978
553 497 701 539 ruscum
723 497 923 541 annotarunt

627 661 702 702 aaa.
727 641 840 725 xxvi,

556 769 678 821 VULPIS
697 771 742 821 ΕΤ
761 769 914 821 CICONIA.
1008 772 1010 782 '

238 881 323 957 Nulli
343 885 542 959 nocendum3
565 885 592 944 si
611 885 680 968 quis
704 905 783 947 vero
804 884 949 960 laeserit,

237 963 432 1024 Multandum
453 965 546 1025 simili
564 965 651 1040 iure,
670 963 789 1026 fabella
810 964 966 1027 admonet.

269 1045 396 1126 Vulpes
417 1047 456 1106 ad
477 1065 606 1106 coenam
629 1044 744 1106 dicitur
768 1045 920 1106 ciconiam

237 1123 332 1185 Prior
351 1125 515 1200 invitasse,
537 1139 570 1187 et
589 1125 635 1186 illi
655 1127 687 1186 in
707 1138 821 1207 patena
840 1123 995 1208 liquidam

236 1205 386 1265 Posuisse
401 1207 625 1284 sorbitionem,
648 1227 742 1290 quam
761 1206 848 1266 nullo
870 1204 967 1266 modo

236 1284 373 1346 Gustare
394 1288 535 1348 esuriens
556 1288 699 1369 potuerit
720 1286 848 1347 ciconia.

235 1364 328 1505 Suae
348 1366 478 1446 vulpem
499 1389 596 1451 quum
615 1377 815 1442 revocasset,
836 1364 944 1426 intrito
966 1363 1039 1424 cibo

264 1446 366 1506 lenam
387 1446 529 1528 lagonam
548 1447 671 1529 posuit:
691 1446 765 1506 huic
786 1459 926 1506 rostrum
946 1443 1087 1504 inserens

237 1525 375 1586 Satiatur
398 1525 481 1607 ipsa,
504 1540 536 1588 et
555 1539 687 1610 torquet
708 1526 873 1588 convivam
893 1523 988 1585 fame.

237 1606 330 1684 Quae
352 1628 449 1700 quium
468 1607 601 1690 lagonae
623 1607 740 1668 collum
763 1606 883 1666 frustra
906 1601 1078 1696 lamberet,
1193 1625 1233 1666 ao

235 1689 442 1769 Peregrinam
463 1687 507 1750 sic
527 1689 666 1751 locutam
686 1687 853 1750 volucrem
876 1704 1072 1766 accepimus:

235 1766 305 1828 Sua·
320 1767 454 1852 quisque
475 1769 618 1851 exempla
631 1769 737 1830 ¹debet
758 1787 861 1849 aequo
881 1765 984 1828 animo
1005 1763 1082 1844 pati·

629 1916 835 1936 Μ

620 2041 694 2093 rae.
717 2019 845 2092 xxvlt.

411 2147 529 2214 CANIS,
547 2149 761 2213 TIIESAUIIUS,
779 2149 824 2198 ET
843 2140 1047 2198 VULTUIIIUS.

235 2269 325 2328 Haec
345 2288 399 2329 res
421 2267 522 2329 avaris
544 2288 613 2330 esse
634 2270 825 2333 conveniens
844 2278 969 2350 potest,

222 2348 279 2408 vEt
299 2348 353 2431 qui
373 2347 507 2410 humiles
531 2349 612 2425 nati,
635 2349 697 2411 dici
716 2350 894 2431 locupletes
918 2344 1055 2408 student.

275 2430 418 2491 Humana
443 2427 601 2492 effodiens
622 2452 708 2508 ossa,
728 2431 912 2492 thesaurum
932 2425 1015 2489 canis

234 2507 372 2588 Invenit,
395 2520 427 2572 et
447 2511 580 2572 violarat
601 2512 674 2596 quia
693 2514 800 2571 Manes
821 2512 927 2586 Deos,

235 2587 352 2651 Iniecta
373 2603 421 2652 est
444 2591 490 2651 illi
509 2590 688 2654 divitiarum
712 2589 883 2672 cupiditas,
910 2621 913 2634 ι
1208 2582 1231 2644 5
1317 2635 1318 2645 ,

234 2669 358 2731 Poenas
379 2682 415 2732 ut
436 2681 562 2731 sanctae
582 2672 729 2754 religioni
748 2670 916 2754 penderet.

235 2749 345 2834 Itaque
366 2771 478 2812 aurum
499 2751 573 2810 dum
594 2753 748 2829 custodit,
770 2749 886 2812 oblitus
907 2749 987 2825 cibi,
1129 2812 1136 2824 ,

234 2829 333 2892 Fame
354 2844 403 2893 est
424 2843 637 2913 consumptus.
678 2832 782 2924 Quem
807 2843 889 2892 stans
911 2827 1068 2890 vulturius
1089 2844 1190 2908 super

234 2907 355 2972 Fertur
375 2911 517 2972 locutus:
559 2912 589 2972 Ο
609 2912 708 2990 canis,
731 2912 846 2975 merito
870 2911 972 2989 iaces,

234 2987 302 3130 {Qui
320 2991 495 3073 concupisti
517 2989 623 3054 subito
644 2993 769 3075 regales
795 3011 892 3074 opes,
1191 3003 1229 3046 10
1315 2975 1316 2979 ¹

263 3070 345 3132 rivio
366 3082 558 3154 conceptus,
583 3083 616 3132 et
638 3071 791 3137 educatus
814 3084 968 3136 stercore.

231 3199 431 3218 *ιι-ιιι-

284 3265 353 3319 Fat.
373 3267 474 3332 XXVI,
502 3285 530 3318 v.
554 3269 579 3320 3.
601 3269 695 3338 Vulpis
713 3267 800 3320 Codd.
820 3271 889 3323 Pith.
914 3280 941 3323 et
960 3274 1032 3325 llem.
1050 3271 1125 3342 qvtod
1145 3273 1227 3322 metri

235 3353 314 3390 causa
332 3335 488 3386 mutandum
507 3346 572 3386 erat.
591 3364 624 3376 ·-
637 3351 670 3386 o.
688 3348 714 3397 Δ.
734 3337 822 3389 Codd.
839 3339 909 3391 Pith.
926 3350 953 3392 et
971 3344 1044 3393 Rem.
1065 3353 1090 3391 et
1104 3341 1129 3390 ei
1141 3339 1227 3409 liqui·

234 3404 297 3458 dam
313 3405 343 3454 in
352 3413 469 3472 patena,
489 3414 583 3455 contra
597 3405 674 3456 metri
689 3406 827 3458 rationem.
844 3410 900 3461 Nos
913 3409 1060 3461 lectionem
1070 3409 1165 3474 Rigalt.
1175 3407 1223 3456 Ed.

235 3475 296 3524 anni
319 3473 381 3537 1617
402 3487 463 3521 cum
481 3473 570 3522 multis
585 3471 643 3524 aliis
661 3475 803 3540 sequimur.

287 3539 354 3591 Fab·
372 3538 485 3602 XXVII,
502 3555 530 3588 v·
546 3551 574 3602 4.
593 3540 713 3592 violarat
730 3540 797 3592 Cod.
810 3542 882 3596 Rem.
894 3543 979 3596 violate
991 3543 1061 3596 cod.
1071 3541 1142 3596 Pith.
1152 3541 1225 3594 unde

235 3608 305 3664 Pith.
323 3605 408 3659 edidit
427 3605 545 3656 violavit.
756 3606 763 3636 ²
975 3637 976 3646 ,
