2678 3978
418 483 483 530 trs.
505 467 535 544 l,
557 485 631 528 nse.
661 475 801 541 murt.

108 625 198 686 Fere
219 624 272 686 dat
286 647 411 766 poenas
436 627 525 709 turpi
548 597 754 708 poenitentia.

309 729 326 767 e
350 709 492 768 fenestra
513 728 630 770 corvus
651 719 777 788 raptum
803 727 929 768 caseum

153 706 262 794 Quum

16 841 18 846 .
110 785 266 846 Comesse
291 789 407 862 vellet,
434 788 517 848 celsa
538 788 681 848 residens
702 785 839 860 arhore3

109 867 207 925 Hunc
227 866 307 926 virlit
331 869 453 948 vulpis,
478 867 593 928 deinde
614 868 659 928 sic
685 867 793 946 coepit
816 867 922 948 loqui:

110 943 144 1004 Ο
171 944 226 1027 qui
252 957 395 1023 tuarum,
414 968 530 1024 corve,
555 969 729 1028 pennarum
754 958 802 1006 est
825 946 925 1008 nitor!
954 987 963 1000 „

111 1023 273 1110 Quantum
300 1027 427 1088 decoris
449 1047 588 1108 corpore
609 1039 642 1088 et
666 1027 757 1088 vultu
781 1026 883 1106 geris!

111 1107 147 1165 Si
171 1125 286 1176 vocem
306 1105 460 1182 haberes,
480 1109 565 1186 nulla
586 1108 678 1188 prior
699 1108 764 1170 ales
785 1107 883 1167 foret.

111 1186 157 1244 At
180 1184 234 1244 ille
259 1186 390 1262 stultus,
413 1188 488 1246 dum
509 1188 579 1248 vult
598 1207 714 1250 vocem
739 1186 929 1267 ostendere,
968 1235 972 1240 -

111 1263 225 1324 Emisit
250 1287 308 1326 ore
331 1287 471 1342 caseum3
493 1289 589 1349 quem
614 1268 765 1328 celeriter

110 1344 233 1404 Dolosa
256 1346 361 1426 vulpis
386 1347 485 1408 avidis
508 1349 612 1428 rapuit
635 1347 792 1407 dentibus.

111 1427 196 1482 Tum
216 1424 343 1485 demum
368 1426 638 1507 ingemuiteorvi
662 1427 816 1508 deceptus
839 1440 961 1510 stupor.

153 1502 236 1582 [Hac
257 1506 489 1586 reprobatur,
511 1504 670 1588 ingenium
696 1520 848 1590 quantum
872 1509 975 1586 velet,

110 1583 242 1645 Virtute
268 1597 301 1645 et
321 1607 450 1666 semper
472 1588 639 1668 praevalet
664 1586 838 1670 sapientia]

458 1725 467 1738 x
511 1723 712 1737 ——am-

504 1851 598 1894 ΜΒ.
623 1837 707 1899 xtv.

424 1972 475 2021 EX·
489 1971 624 2020 SUTORE
642 1971 804 2026 MEDICUS.

112 2094 216 2154 Malus
242 2115 339 2177 quum
365 2104 472 2167 sutor,
497 2091 603 2172 iuopia
627 2090 831 2174 deperditus,

110 2174 301 2234 Medicinam
326 2172 435 2254 ignoto
460 2171 570 2232 facere
598 2174 760 2253 coepisset
785 2175 875 2251 loco,

112 2256 157 2314 Et
179 2255 360 2317 venditaret
385 2253 466 2312 falso
493 2251 669 2313 antidotum
694 2255 836 2327 nomine,

113 2334 269 2395 Verbosis
296 2332 462 2415 aequisivit
488 2331 547 2390 sibi
571 2331 687 2391 samem
712 2334 863 2415 strophis.

113 2414 176 2473 Hic
202 2435 299 2496 quum
324 2413 445 2472 iaceret
469 2411 583 2471 morbo
606 2411 774 2472 confectus
796 2415 886 2494 gravi

113 2495 186 2553 Ilex
206 2493 314 2566 urbis,
340 2492 407 2551 eius
430 2490 616 2570 experiendi
638 2491 739 2570 gratia

117 2573 278 2653 Scyphum
301 2569 464 2652 poposcit:
486 2569 555 2630 lissa
581 2569 653 2629 dein
676 2569 823 2630 simulans
837 2594 917 2656 aqua
988 2615 991 2626 ,

117 2647 271 2712 Ἀηῑίᾶοϊο
291 2653 427 2711 miscere
448 2651 530 2709 illius
555 2669 591 2708 se
615 2649 773 2724 toxicum,
808 2669 814 2682 ·

119 2732 313 2797 Combihere
338 2730 428 2790 iussit
448 2730 568 2810 ipsum,
592 2730 699 2810 posito
725 2728 878 2809 praemio.

118 2813 248 2874 'Funere
274 2811 386 2871 mortis
407 2809 460 2869 ille
484 2822 553 2869 tum
578 2808 743 2870 confessus
765 2821 830 2886 est,
1084 2825 1117 2872 ro

119 3053 176 3117 Qui
187 3069 214 3098 se
231 3049 345 3101 laudari
357 3045 479 3115 gatrdeut
495 3047 582 3096 verius
593 3046 716 3103 subdolis
724 3086 732 3110 ,
749 3048 831 3098 Serae
846 3047 915 3098 durzt
928 3062 1031 3113 portius
1043 3046 1121 3115 turpi

119 3120 306 3172 imeru'tenriae.
325 3119 366 3168 Cs.
385 3119 495 3166 Desbill.
516 3115 550 3164 ad
569 3120 670 3166 calcem
693 3116 718 3164 lt.
737 3117 779 3166 ed.
805 3147 838 3157 -
861 3135 889 3165 r.
909 3119 933 3166 5.
954 3113 1021 3163 Cotl.
1045 3115 1118 3164 Rem.

117 3173 216 3254 'Vtrlpis
240 3188 312 3237 hurso
336 3185 420 3244 vidit,
448 3183 543 3233 delu'ne
566 3193 616 3234 etc.
642 3185 709 3233 Cod.
732 3185 836 3234 Daniel.
861 3185 957 3251 Vulpes
983 3193 1013 3231 ut
1034 3182 1117 3242 vidit,

119 3253 223 3305 deinde.
244 3284 275 3292 -
294 3272 322 3304 v.
343 3270 367 3319 7.
385 3252 506 3302 decorem
525 3247 594 3301 cod.
612 3252 715 3302 Daniel.
734 3279 766 3288 —
785 3269 813 3300 v.
838 3251 863 3316 14
885 3261 910 3302 et
932 3251 969 3300 15.
988 3251 1021 3299 ab
1037 3251 1118 3300 Hein-

119 3326 176 3384 sio,
203 3324 343 3386 Bentleio,
366 3323 423 3370 aliis
443 3323 522 3372 etiam
541 3335 555 3368 a
572 3319 682 3369 Desbill.
701 3320 728 3368 in
747 3320 940 3370 commentario
958 3319 1012 3368 MS.
1032 3319 1115 3385 spurii

120 3391 260 3442 habentur.
1026 3395 1033 3402 '

154 3456 220 3508 Fal.
237 3458 315 3520 XIV,
333 3475 362 3507 v.
382 3455 397 3522 4
411 3466 437 3508 et
454 3458 478 3508 5.
498 3454 649 3520 Lessingius
662 3470 713 3522 pro
728 3455 824 3524 spuriis
840 3455 929 3506 habet.
945 3453 986 3502 Cl.
998 3451 1118 3503 Schwab.

121 3555 152 3568 ·-
172 3543 201 3575 v.
217 3541 242 3592 9.
263 3525 386 3577 Correxit
405 3527 548 3576 Burmann.
567 3524 634 3574 Nam
652 3521 741 3573 Codd.
761 3523 854 3574 Bibere
872 3523 962 3577 iussit.
