2610 4002
862 433 879 462 N

403 488 468 538 utu.
489 475 546 554 Vs'
560 495 634 536 ssu.
655 477 726 538 8-
742 497 786 540 ιο.

94 640 269 720 Languere
291 637 398 731 coepit
419 636 505 698 annis
525 636 556 696 in
596 634 767 697 evantibus.
865 615 891 668 ,'

95 717 281 810 Aliquando
304 716 449 780 obiectus
470 656 647 809 hispidirpu
691 715 829 796 assuit,

95 796 247 879 Arripuit
268 817 396 874 aurem3
420 795 477 859 sed
499 795 626 860 cariosis
669 795 792 860 entibus

94 877 256 938 Praedam
278 874 406 940 dimisit.
445 877 507 939 Hic
528 888 597 938 tum
618 887 751 938 venator
770 875 882 939 dolens

96 958 217 1018 Canem
238 955 439 1039 obiurgabat.
480 955 540 1018 eui
560 956 674 1017 latrans
694 969 804 1018 contra
825 975 934 1020 senex:

96 1039 170 1097 Non
190 1048 223 1097 te
246 1034 390 1098 destituit
411 1035 547 1113 animus,
569 1036 625 1098 sed
645 1035 731 1098 vires
752 1057 851 1098 meae.

97 1114 197 1210 Quod
216 1115 336 1180 fuimus
355 1116 489 1178 laudasti
496 1137 506 1195 ;
529 1117 589 1178 iam
611 1117 753 1194 damnas,
795 1117 860 1178 uod
881 1133 995 1177 sumus.

137 1197 211 1257 Hoc
233 1215 311 1276 cur,
330 1197 473 1278 Phileto,
497 1197 698 1281 scripserim,
742 1197 794 1259 ulc
817 1218 854 1259 re
874 1195 991 1260 vides(
1056 1211 1091 1256 ro

98 1469 133 1482 -
150 1455 180 1490 v.
198 1453 222 1504 7.
243 1434 284 1488 lut
300 1437 509 1504 Hogstratsnus,
526 1435 692 1489 Brockhusio
709 1446 835 1504 audere,
852 1436 986 1488 multisne
1025 1434 1092 1486 enti·

97 1509 158 1562 bus.
177 1508 209 1557 In
226 1505 315 1558 codd.
336 1505 390 1572 Cpt'
404 1523 486 1554 senex
505 1517 604 1558 contra
628 1506 745 1556 latrans.
770 1506 812 1558 Cf.
837 1516 928 1558 notam
945 1505 997 1558 Des
1018 1504 1092 1554 ilion.

98 1575 133 1628 ad
154 1577 259 1627 calcem
277 1582 385 1624 nostrae
405 1572 449 1625 ed.
467 1600 500 1612 -
516 1590 546 1624 v.
559 1589 584 1640 9.
594 1575 632 1624 Ex
651 1575 805 1626 coniectura
816 1575 967 1636 Burmanni,
983 1586 1092 1640 quam

98 1645 214 1694 Romulo
240 1650 267 1693 et
287 1641 429 1711 Anonymo
447 1642 558 1692 Niluniii
584 1641 766 1692 confirmatam
790 1644 896 1710 recepit
918 1639 1036 1692 Schwub.
1061 1636 1092 1687 In

100 1710 188 1764 Codd.
203 1708 375 1766 claudicante
388 1718 476 1761 metro
496 1707 580 1776 Quod
586 1707 696 1777 futinus
707 1707 814 1770 laudes,
833 1727 886 1759 sam
897 1703 1095 1786 damnnsquod
1202 1737 1207 1754 Ι

63 1811 67 1817 ·
99 1789 201 1832 sumus.
224 1777 365 1829 Pithoeus:
390 1777 444 1828 sum
462 1777 576 1828 damnas
613 1775 670 1827 uod
686 1794 742 1827 non
758 1793 868 1838 sumus;
890 1776 935 1827 alii
949 1777 1026 1826 aliter
1041 1791 1091 1824 un·

99 1853 245 1898 mutarunt.
263 1873 296 1885 -
314 1861 345 1896 v.
365 1857 408 1898 10.
426 1844 530 1898 Philam
547 1793 616 1898 cod.
634 1845 709 1896 Rem.
728 1845 776 1896 ted
792 1845 943 1896 recentiore
958 1857 1091 1892 manusu-

89 1916 243 1985 'perlitumz
262 1913 323 1966 Fili
336 1911 535 1983 dessrtpscn'm.
553 1912 622 1966 cod.
640 1913 709 1965 Pith.
726 1921 754 1966 et
771 1913 873 1996 primas
890 1908 957 1966 Edd.
975 1910 1063 1961 Fide.
