2678 3978
519 452 668 496 reanum
689 451 891 496 annuemus

614 613 689 655 rau.
714 591 796 659 VIII.

547 729 656 781 LUPUS
675 731 721 780 ET
740 729 852 780 GRUIS.

205 853 272 996 gui
295 851 437 934 pretium
456 849 561 916 meriti
581 849 621 911 ab
645 849 798 932 improbis
820 850 996 926 desiderat,

235 935 260 994 is
281 943 409 1015 peccat:
434 931 588 1012 primum,
611 931 759 1013 quoniam
778 930 924 1013 indignos
949 931 1093 1010 adiuvat3

126 1086 128 1094 s
205 1017 336 1156 Impune
359 1011 448 1071 abire
471 1009 586 1070 dcindc
607 1011 681 1094 quia
700 1011 761 1074 iam
784 1031 847 1071 non
867 1023 986 1091 potest.

280 1115 294 1154 s
319 1093 507 1153 devoratum
529 1087 622 1152 fauce
643 1112 741 1172 quum
762 1089 913 1156 haereret
933 1091 1019 1172 lupi,

205 1175 319 1256 Magno
342 1170 455 1232 dolore
479 1170 582 1231 vietus
606 1170 714 1251 coepit
734 1170 875 1253 singulos
1190 1175 1214 1236 5

205 1255 330 1315 Illicere
350 1251 474 1332 pretio,
496 1261 532 1309 ut
553 1249 633 1311 illud
654 1249 862 1311 extraherent
881 1252 1007 1312 malum.

206 1333 347 1394 Tandem
372 1349 522 1410 persuasa
545 1344 594 1391 est
613 1329 818 1392 iureiurando
841 1331 946 1411 gruis,

128 1407 130 1412 ’
207 1413 308 1474 Gulae
332 1417 382 1471 ue'
398 1410 533 1470 credens
557 1409 631 1470 colli
656 1409 903 1491 longitudinem,

205 1435 426 1554 Pericdlosam
450 1489 530 1550 fecit
548 1487 734 1552 medicinam
757 1489 845 1570 lupo.

205 1574 274 1635 Pro
299 1591 364 1654 quo
389 1591 488 1652 quum
502 1582 637 1662 pactum
659 1567 819 1651 flagitaret
837 1570 1030 1649 praemium:
1173 1591 1215 1634 ιο

206 1654 332 1734 Ingrata
353 1649 540 1732 es,inqu1t,
561 1667 617 1713 ore
640 1669 722 1732 quae
746 1660 857 1710 nostro
882 1663 978 1730 caput

206 1732 368 1794 Incolume
390 1728 575 1809 abstuleris,
597 1739 630 1790 et
650 1731 835 1791 mercedem
854 1729 1007 1812 postules.

609 1857 806 1875 m—

632 1977 708 2018 aan.
733 1958 786 2019 IX.

549 2091 674 2142 PASSER
692 2094 737 2143 ET
754 2093 871 2144 Lupus:

211 2209 279 2274 Sibi
302 2233 365 2273 non
390 2231 524 2288 cavere,
548 2222 581 2272 et
605 2212 671 2272 aliis
692 2213 857 2274 consilium
878 2214 973 2293 dare,

211 2292 352 2354 Stultum
377 2311 464 2368 esse,
513 2291 598 2351 aucis
619 2292 820 2353 ostendamus
846 2295 1001 2355 versibus.

251 2370 452 2452 Oppressum
538 2371 658 2453 aquila,
681 2371 775 2433 fletus
797 2373 945 2434 edentem
968 2392 1100 2456 graves,

208 2454 338 2532 Lepore
350 2474 371 2510 n
396 2449 586 2533 obiurgabat
605 2467 726 2534 passer.
768 2452 830 2513 Ubi
850 2453 1021 2534 pernicitas

209 2534 310 2609 Nota,
335 2531 437 2614 inquit
460 2531 513 2591 illa
536 2531 606 2591 est?
637 2532 714 2616 quid
735 2532 778 2592 ita
802 2545 963 2593 cessarunt
988 2528 1110 2613 pedes?
1194 2532 1219 2594 5

181 2639 187 2650 =
210 2613 297 2670 Dum
321 2610 479 2694 loquitur,
502 2611 606 2691 ipsum
627 2611 779 2692 accipiter
802 2631 861 2670 nec
883 2611 1131 2692 opinumrapit,

212 2691 403 2778 Questuque
426 2710 507 2754 vano
530 2690 742 2750 clamitantem
766 2689 926 2751 interlicit.

210 2770 318 2852 Lepus
343 2767 541 2831 semianimus
562 2770 673 2830 mortis
697 2769 728 2829 in
749 2770 878 2832 solatio:

202 2847 278 2927 ‘Qui
297 2851 394 2911 modo
415 2870 547 2910 securus
570 2859 678 2910 nostra
700 2849 856 2912 irridebas
876 2849 975 2927 mala,

213 2929 314 2991 Simili
337 2930 469 3014 querela
488 2929 555 2990 l'ata
576 2929 726 3012 deploras
749 2942 813 2992 tua.
1057 2985 1059 2992 .
1179 2949 1219 2990 ao

264 3167 332 3218 Feb.
351 3170 427 3236 VIII,
445 3188 474 3222 v.
496 3186 535 3224 ιο.
556 3172 623 3222 Cod.
642 3171 711 3223 Pitb.
731 3173 859 3242 Proque
880 3186 939 3220 cum
948 3167 1046 3239 fitcto;
1066 3169 1221 3222 emendavit

214 3235 287 3286 Gnd·
308 3247 417 3305 pactum
436 3256 450 3290 e
468 3240 536 3290 Cod.
557 3242 629 3290 [lem.
649 3241 694 3307 qui
715 3239 794 3292 babet
800 3239 922 3309 farctum.
936 3239 1025 3288 Editio
1037 3239 1147 3290 Desbill.
1158 3237 1218 3285 Pro

124 3353 125 3358 ,
158 3351 160 3356 ,
216 3320 285 3374 praa,
305 3303 352 3354 sed
371 3305 397 3353 in
416 3310 609 3358 commentario
629 3308 685 3358 eius
704 3323 782 3356 manu
802 3309 922 3374 scripto,
949 3306 994 3372 qui
1013 3321 1156 3373 penesme
1176 3314 1216 3354 est

208 3372 474 3490 ,lillllgllhfflionem
493 3375 561 3424 Cod.
579 3375 648 3426 Pltlr.
667 3402 701 3414 -
717 3389 747 3425 v.
769 3391 807 3468 lm
830 3373 918 3423 Codd.
935 3374 1073 3441 postulas.
1090 3373 1218 3422 Correxit

265 3507 332 3560 Fas.
352 3507 398 3570 IX,
416 3523 444 3556 v.
463 3506 487 3558 6.
505 3507 603 3558 Maura.
623 3513 693 3562 coni.
713 3509 855 3561 mortisia
873 3508 1001 3558 solatium
1020 3506 1062 3557 CI.
1080 3505 1198 3558 Schwab.
