2610 4002
241 456 296 517 me
464 431 468 438 ’
575 469 723 514 erasnm
745 470 896 520 reamur

236 613 365 691 Placet,
382 612 510 698 inquit,
541 611 618 694 tibi,
643 611 732 698 quod
764 631 909 676 nummos
939 633 1003 674 nou
1032 613 1164 676 debes?
1190 647 1224 659 -·

236 771 384 838 sednon
402 771 548 856 impune,
570 774 643 858 quia
662 773 795 836 enimam
818 692 1070 858 delfelsafirtiemt.
1210 693 1226 755 5

604 1065 680 1140 ree.
703 1078 818 1143 XXVI.

546 1203 653 1258 LEPUS
672 1208 717 1256 ET
735 1203 921 1256 BUBULCUS.

323 1318 435 1381 Multos
455 1320 552 1382 verbis
575 1317 695 1382 blandos
719 1337 796 1387 esse,
817 1330 847 1379 et
867 1328 986 1398 pectore
1006 1314 1151 1396 infidelem

238 1451 346 1538 Quum
366 1465 549 1515 venatorem
569 1450 725 1532 celeripes
745 1448 875 1532 fugeret
895 1450 1004 1532 lepu8‚

238 1537 282 1596 Et
303 1555 321 1594 e
344 1531 485 1596 bubulco
508 1533 592 1596 visus
612 1551 746 1613 veprem
765 1530 943 1612 irreperet:

186 1651 189 1656 ,
238 1617 309 1678 Oro
328 1633 388 1696 per
409 1614 551 1698 Superos
574 1632 699 1699 perque
718 1630 791 1694 spes
812 1631 921 1673 omnes
942 1622 1030 1690 tues,

264 1766 437 1782 ψ

341 1833 453 1885 Nullum
470 1832 538 1884 male
554 1829 655 1883 dietum
670 1847 726 1882 esse
742 1829 857 1898 gravius
874 1829 1048 1882 couscientia.

342 1905 431 1967 Quum
447 1918 540 1952 servus
559 1915 811 1952 n...s...m....

340 1972 457 2021 Uxorem
475 1969 580 2021 domiui
591 2005 617 2022 ..
628 2004 653 2020 ..
669 1969 776 2038 puisset
792 1967 849 2029 sui,

338 2036 424 2110 quue
441 2039 484 2089 ilie
502 2040 585 2090 sciret
601 2069 661 2088 ....
679 2053 705 2086 m
722 2032 977 2090 circunstantibus.-

337 2107 433 2156 Plaees
452 2106 514 2168 tibi,
532 2107 580 2176 inq
590 2140 615 2157 ..
627 2140 654 2156 ..
673 2121 729 2155 non
747 2102 825 2154 debes
840 2105 959 2176 placem

340 2171 396 2222 Sed
411 2191 468 2222 non
483 2190 588 2240 impune
598 2189 645 2289 pu
656 2189 705 2222 .a.
716 2205 741 2223 ..
759 2171 839 2222 debes
858 2189 915 2223 non
930 2170 1028 2241 places.

239 2238 355 2290 Gustus
373 2239 460 2289 edidit
476 2241 503 2288 in
519 2239 567 2288 Ed.
583 2240 596 2287 Ι
611 2255 631 2289 ’.
659 2263 662 2268 ,

341 2306 452 2357 Nullum
469 2305 639 2356 maledictum
657 2319 698 2358 est
714 2309 829 2375 gravius
841 2307 1016 2360 conscientia.

340 2377 429 2442 Quum
446 2394 541 2427 servus
559 2393 680 2426 nummos
696 2377 829 2428 simulans
846 2377 978 2449 quosdam
994 2375 1117 2441 solvere,·

344 2445 460 2495 Uxorem
477 2443 580 2496 domiui
595 2447 823 2514 constuprarisset
842 2445 902 2506 sui,
924 2447 928 2452 “

256 2543 260 2551 ·
340 2511 429 2584 quue
446 2514 492 2564 ille
509 2515 591 2564 sciret
597 2549 606 2575 ,
624 2531 717 2566 eoram
734 2513 989 2574 circumstantibus,

340 2582 434 2631 Placet
452 2582 522 2632 tibi?
536 2583 643 2653 inquit,
662 2580 739 2652 quod
754 2582 833 2634 iserae
852 2599 908 2631 nou
925 2580 1017 2646 debes,
1032 2584 1145 2651 placet?

343 2647 399 2698 Sed
414 2669 469 2700 non
484 2651 598 2719 impune.
634 2652 708 2716 Quia
726 2651 763 2701 mi
777 2649 868 2710 debes,
886 2667 942 2699 non
957 2650 1054 2720 placet.

238 2715 314 2767 {dem
330 2717 357 2767 in
375 2719 556 2785 superioribus
573 2720 625 2769 suis
640 2719 709 2768 Edd.
726 2737 749 2769 v.
768 2716 793 2783 4.
812 2718 938 2770 dederat:

339 2783 426 2854 quue
441 2785 485 2836 ille
502 2788 585 2836 sciret
593 2786 663 2856 fore
680 2787 747 2839 clam
765 2785 1016 2838 circumeuntibus.

239 2853 382 2906 tenuemus
400 2855 437 2904 ita
453 2856 584 2908 restituit:

341 2923 429 2984 Quum
446 2940 539 2974 servus
558 2933 686 2973 secretam
704 2920 854 2975 admisisset
870 2925 995 2989 noxiam,

341 2987 459 3039 Uxorem
476 2989 581 3041 domini
597 2990 675 3062 qued
690 2995 854 3062 corrupisset
868 2995 913 3043 sui
920 3013 929 3042 .·

315 3087 319 3108 ι
337 3054 425 3127 quue
439 3058 483 3108 ille
500 3061 597 3121 sciret,
613 3076 704 3110 eorem
722 3062 978 3124 circumstantibus,

341 3126 435 3176 Places
453 3126 523 3178 tibi?
537 3129 647 3198 inquit;
665 3147 727 3178 nam
744 3147 826 3199 quum
843 3148 900 3180 aon
916 3129 993 3180 debes
1028 3131 1115 3182 laces.-

341 3192 398 3244 Sed
412 3212 468 3244 non
483 3197 601 3265 impune,
621 3197 688 3266 quia
704 3214 786 3266 quum
802 3197 897 3260 debes,
912 3217 969 3249 non
985 3149 1084 3271 pUces.

239 3258 327 3327 Quam
344 3278 393 3312 nos
413 3263 535 3314 dedimus
550 3266 682 3316 restitutio
700 3265 787 3316 Bothii
805 3275 852 3318 est.

288 3327 355 3376 Feb.
373 3331 471 3395 XXVI,
488 3348 518 3383 v.
539 3348 560 3382 1.
578 3333 735 3384 Emendavit
750 3333 859 3385 Bothiue
875 3333 942 3385 cod.
960 3351 1042 3406 pravo
1060 3345 1161 3389 metro:
1180 3349 1215 3384 ee·

232 3393 292 3444 ieri
305 3392 370 3462 pede
377 3394 503 3462 fugeret.
521 3427 555 3439 -
571 3416 601 3449 v.
619 3417 643 3451 u.
663 3398 733 3452 cod.
750 3435 776 3451 ..
795 3419 824 3452 re
842 3414 918 3464 eret;
936 3404 1007 3454 unde
1018 3403 1215 3455 Cassitueadm·

204 3507 208 3526 ,
238 3472 327 3540 peret,
350 3463 491 3516 launell'ms
516 3468 655 3534 irreperet.
674 3497 708 3512 -
724 3484 753 3519 v.
771 3469 796 3521 3.
838 3487 872 3521 re
894 3470 999 3523 eddidit
1016 3471 1139 3526 Cessitus.
1163 3474 1213 3522 lan·

156 3604 159 3610 ,
240 3530 336 3631 uetitus
352 3528 408 3579 Per
423 3545 535 3598 superos
552 3550 613 3585 oro.
1087 3569 1091 3578 ·
1184 3535 1191 3564 ⁸
