2586 3998
202 403 244 476 7⁰
521 407 671 454 eurtum
688 372 889 464 assonantur

204 559 280 634 Eia,
300 551 419 638 inquit,
439 551 472 614 in
494 569 676 629 commune,
741 543 909 634 adcunque
928 562 981 612 est
1001 550 1089 614 lucri.

204 634 353 700 Ostendit
372 632 425 694 ille
446 633 613 715 praedam,
635 645 703 692 eta
726 631 801 692 iecit
820 631 930 692 simul:

203 714 363 799 Superdm
382 714 526 778 voluntas
548 711 643 789 favit3
664 711 721 774 sed
743 710 810 772 fato
832 711 938 774 invido
977 787 978 792 ἵ
1167 707 1184 772 5

204 797 400 870 Carbonem,
420 805 456 854 ut
475 795 560 854 aiunt
569 809 582 870 ,·
597 813 658 873 pro
678 791 828 854 thesauro
849 791 1034 854 invenimus.

244 878 350 972 Quem
369 894 442 956 spes
462 873 595 952 delusit,
614 871 688 934 huie
703 871 841 956 ¹querela
860 871 1019 936 contenit.

618 1174 694 1217 aas.
719 1157 787 1222 vn.

479 1289 696 1366 Putasses
730 1291 941 1346 maican.-

204 1415 266 1486 Ubi
284 1432 381 1476 vanus
402 1411 538 1490 animus,
560 1433 636 1474 aura
656 1432 692 1474 ca
715 1423 765 1474 tus
785 1411 920 1492 frivola,

204 1493 350 1578 Arripuit
370 1491 556 1554 insolentem
576 1491 676 1554 sibili
700 1495 818 1571 utiam,

205 1577 312 1639 Facile
334 1573 373 1634 ad
395 1571 533 1634 derisum
555 1575 650 1636 stulta
669 1574 780 1642 levitas
803 1571 963 1633 docitem
1008 1607 1011 1614 ·

244 1656 397 1735 Princeps
419 1651 537 1721 tibicen
555 1656 663 1718 notior
682 1655 790 1737 paullo
812 1652 889 1728 fuit,

206 1737 348 1819 Operam
368 1733 517 1814 Bathyllo
539 1736 649 1797 solitus
669 1737 701 1798 in
722 1755 815 1796 scena
836 1733 923 1792 dare.

205 1820 235 1878 Is
256 1817 343 1879 forte
362 1815 444 1876 ludis
468 1815 637 1896 (nonsatis
659 1815 785 1877 memini
807 1811 938 1898 quibus)

205 1899 292 1958 Dum
311 1915 427 1978 pegma
447 1898 586 1978 rapitur,
607 1895 745 1957 concidit
766 1915 839 1956 casu
860 1891 948 1974 gravi

205 1980 272 2038 Nec
293 1975 438 2056 opinans,
460 1987 493 2034 et
513 1975 668 2036 sinistram
688 1975 788 2056 fregit
808 1974 933 2049 tibiam,
964 2002 967 2007 ·
1024 1983 1028 1992 ‘

205 2057 293 2116 Duas
313 2075 412 2136 quum
433 2053 559 2113 dextras
579 2055 747 2114 maluisset
759 2053 908 2135 perdere.

206 2137 292 2196 Inter
311 2151 418 2191 manus
439 2132 578 2196 sublatus
618 2145 650 2193 et
670 2134 804 2198 multum
823 2150 952 2216 gemens

205 2216 346 2275 Domum
365 2209 515 2270 refertur.
555 2177 688 2308 Aliquot
706 2233 829 2278 menses
849 2219 1028 2286 transeunt,

206 2293 257 2358 Ad
277 2289 438 2351 sanitatem
459 2289 534 2354 dum
553 2303 641 2353 vemt
662 2293 793 2354 curatio.

103 2405 106 2414 ·
205 2375 249 2436 Ut
270 2392 283 2432 s
309 2381 485 2432 ectatorum
504 2392 573 2434 mos
596 2385 644 2436 est
664 2386 697 2436 et
717 2373 859 2456 lepidum
879 2389 995 2454 genus,

206 2393 392 2518 Desiderari
414 2452 537 2534 coepit,
559 2455 647 2515 cuius
669 2453 795 2532 flatibus
885 2510 888 2524 ,

206 2533 337 2598 Solebat
358 2531 488 2593 excitari
507 2535 644 2596 saltantis
667 2536 768 2618 vigor.
929 2597 932 2604 ,
962 2607 964 2613 Α

206 2619 285 2677 Erat
304 2613 447 2673 facturus
468 2614 560 2674 ludos
582 2616 709 2699 quidam
730 2613 860 2689 nobilis,

207 2698 251 2760 Et
270 2692 440 2776 incipiebat
459 2693 583 2777 ingredi
604 2690 767 2778 Princeps·
806 2695 889 2758 Eum

98 2855 99 2860 a
204 2845 402 2867 W

119 2936 125 2963 ι
164 2943 166 2950 ,
188 2967 190 2976 ,
257 2913 324 2968 Fob.
342 2912 395 2977 vl,
413 2929 442 2962 v.
462 2913 486 2964 3.
503 2913 659 2966 Emendavit
676 2912 750 2964 Frid.
770 2913 938 2980 Gronovius;
956 2915 984 2966 in
997 2909 1084 2964 Codd.
1105 2918 1131 2960 et
1145 2909 1198 2979 pri·
1271 2909 1272 2972 i

207 2985 266 3042 mis
274 2982 343 3034 Edd.
362 2982 528 3034 claudicante
546 3000 622 3034 versu
639 2981 708 3044 Eia,
732 2985 838 3053 inquit,
861 2999 997 3035 commuue
1017 2989 1068 3032 eet.
1088 2981 1145 3030 sine
1161 2980 1198 3028 in.
1271 2991 1272 3016 l

208 3051 302 3116 Rigalt.
318 3051 351 3104 11.
366 3050 435 3112 Eia,
455 3051 559 3120 inquit,
577 3063 616 3104 eat
629 3068 765 3102 commune
777 3061 829 3108 etc.
842 3081 876 3092 -
886 3071 912 3104 v.
929 3067 952 3119 7.
965 3047 1123 3102 Rittcrshus.
1135 3045 1199 3098 boec
1271 3047 1272 3090 l

207 3118 320 3188 querela
338 3119 470 3170 octasemi.

260 3184 328 3245 Feb.
344 3187 410 3252 VII,
436 3205 464 3238 v.
484 3203 507 3241 a.
526 3187 613 3238 Codd.
632 3196 659 3239 et
675 3188 776 3256 primae
801 3187 868 3238 Edd.
888 3189 952 3240 chri
969 3188 1019 3240 uia.
1046 3180 1198 3234 Emendavit

208 3253 334 3325 Rigaltiua
351 3254 379 3306 in
394 3253 443 3306 Ed.
461 3257 495 3310 11.
515 3285 549 3298 -
564 3274 593 3306 v.
611 3256 635 3306 8.
655 3255 742 3308 Codd.
761 3257 904 3310 mendose:
924 3208 1075 3325 llbcmpia,
1096 3249 1145 3301 sed
1161 3252 1196 3299 si·
1271 3251 1272 3304 l

210 3325 324 3374 nistram
341 3328 391 3371 cet·
404 3321 530 3380 Correxit
544 3323 673 3376 Pithoeus
693 3325 748 3376 Nec
764 3327 880 3396 opinans
891 3336 917 3374 et
929 3327 1070 3377 sinistram
1083 3331 1133 3373 cet.
1145 3319 1195 3370 Ne·
1271 3313 1272 3378 l

146 3425 154 3434 -
209 3389 310 3442 valetus
329 3389 384 3440 Nec
403 3392 668 3459 opinustetsz'nistr.
689 3385 920 3462 (capescant,
945 3409 978 3459 9,
1003 3391 1041 3460 6.)
1058 3421 1088 3431 -
1109 3407 1138 3440 v.
1159 3387 1194 3440 16.

196 3457 297 3511 ·Codd.
316 3455 434 3524 nobila's,·
453 3459 500 3510 sed
518 3461 654 3526 Heinsius,
672 3461 761 3512 Burm.
778 3461 822 3511 alii
840 3459 950 3510 arabiles.
967 3489 1001 3500 -
1018 3477 1046 3510 v.
1068 3475 1106 3525 17.
1118 3467 1143 3510 et
1158 3455 1193 3506 18.
1228 3475 1231 3482 ·

210 3527 337 3582 Dedimus
355 3541 387 3576 ex
404 3525 493 3610 Ursini
511 3527 705 3582 emendatione.
732 3529 846 3584 Codices
873 3530 942 3582 enim
967 3532 1050 3598 plane¹
1072 3535 1195 3596 corrupta
1271 3511 1272 3534 ¹
