2610 4002
207 425 246 512 till
368 443 372 456 ’
428 437 451 496 ,“
480 465 483 490 t
516 441 664 491 cattum
686 400 887 491 »alumna
924 443 927 450 ·

618 586 790 654 maxx

551 719 858 776 roteneco.

205 836 295 980 guid
313 838 455 904 iudicare
474 837 595 921 cogitet
613 836 699 902 litor
717 835 832 914 modo,
864 845 867 854 “

225 927 299 980 ncc't
318 918 510 996 dissimulet,
532 916 668 1000 pluchre
687 927 792 982 tameo
811 915 963 999 intelligo.

206 999 370 1144 Ruicquid
389 999 514 1082 putabit
532 1017 603 1060 esse
625 995 755 1080 dignum
773 997 964 1076 memoriae,

198 1079 202 1086 ’
237 1077 327 1166 esopi
348 1079 449 1157 dicet3
471 1077 498 1138 si
564 1076 596 1140 'd
614 1077 716 1162 mistus
736 1077 894 1154 arriserit,

150 1192 155 1202 ¹
206 1161 306 1226 Amo
328 1159 498 1222 contendet
540 1168 625 1220 ctum
645 1157 758 1240 quovis
778 1157 924 1240 pignore.

206 1239 313 1379 &tuem
328 1240 408 1302 ‘volo
428 1237 534 1302 refelli
547 1237 615 1310 'iam
634 1257 717 1300 nunc
736 1257 891 1318 responso
912 1258 1003 1303 meo:

230 1337 281 1382 sve
301 1317 364 1380 hoc
383 1318 542 1401 ineptum,
561 1317 628 1378 sire
647 1315 838 1380 laudandum
857 1329 906 1380 est
924 1339 1024 1404 opus,

207 1398 328 1461 Invenit
348 1398 419 1476 ille,
439 1411 548 1461 nostra
566 1395 706 1481 perfecit
724 1417 842 1459 manus.

207 1478 272 1541 Sed
291 1497 503 1564 exsequemur
522 1487 672 1562 coeptum
691 1477 849 1564 propositi
869 1477 1023 1550 ordinem.

613 1790 689 1836 rsa.
709 1771 793 1834 xxi.

485 1908 715 1966 uAUFnAomtt
731 1907 917 1966 smoottols.

207 2033 314 2094 Homo
335 2031 448 2092 doetus
468 2031 499 2091 in
521 2051 555 2091 se
576 2049 702 2123 semper
722 2029 844 2092 divitias
863 2029 968 2094 hahet.

248 2109 442 2186 Simonides,
463 2111 518 2192 qui
538 2109 665 2204 scripsit
685 2110 851 2193 egregium
870 2113 989 2191 melos,

209 2187 285 2333 Euo
305 2199 525 2272 paupertatem
544 2201 713 2258 sustineret
731 2187 870 2269 facilius,

235 2269 385 2331 ircumire
406 2268 515 2350 coepit
533 2266 629 2329 urbes
649 2270 743 2330 Asiae
764 2271 905 2352 nobiles,

208 2349 360 2411 Mercede
379 2360 509 2432 accepta
528 2349 654 2410 laudem
673 2351 830 2413 victorum
852 2372 974 2416 canens.
1188 2353 1207 2417 5

209 2433 281 2493 Hoc
302 2449 420 2513 genere
441 2439 590 2513 quaestus
610 2442 778 2516 postquam
797 2432 942 2518 locuples
961 2433 1063 2497 factito
1083 2445 1152 2518 est,

208 2511 328 2574 Venire
348 2510 381 2572 in
400 2511 534 2592 patriam
554 2511 655 2574 voluit
677 2532 772 2574 cursu
791 2513 936 2598 pelagio:

210 2593 305 2674 (Erat
325 2602 430 2652 autem
449 2601 556 2671 natue,
576 2603 612 2652 ut
624 2591 733 2670 siunt,
754 2590 786 2655 iu
806 2595 870 2656 Cea
888 2594 1005 2676 insula)

209 2729 386 2750 m

191 2803 253 2858 'sus
271 2797 392 2849 additur:
410 2794 537 2850 Fabullus
554 2806 668 2848 nostrae
685 2815 784 2868 parum
799 2817 881 2851 aum
899 2802 1060 2868 accomodo,
1077 2801 1125 2856 ubi
1144 2805 1207 2857 lan·

209 2869 304 2921 uellins
321 2875 487 2984 prpsarum
506 2864 630 2916 emendat
644 2865 765 2937 paulum.

260 2933 328 2986 Fab.
404 2967 412 2997 ,
433 2949 461 2982 v.
483 2950 505 2984 1.
524 2934 626 2999 cogitet
646 2935 797 2990 emendavit
814 2935 957 3004 Pithoeus,
987 2938 1015 2989 in
1040 2941 1116 2992 cuius
1135 2937 1205 2990 Cod.

210 3011 241 3054 ut
257 3005 285 3054 io
302 3001 425 3054 Remensi
443 2999 569 3051 iudicare
587 3004 709 3069 cogitur.
732 3003 774 3054 Cl'.
792 3005 943 3058 Desbillon.
969 3006 1005 3058 ad
1029 3009 1135 3060 calcem
1154 3005 1205 3056 Ed.

211 3078 361 3122 nostrae-
368 3087 397 3119 υ.
406 3071 431 3122 3.
439 3072 507 3121 Tres
513 3070 623 3138 'priores
633 3083 722 3122 versus
735 3070 759 3122 h.
772 3071 877 3126 fabulae
887 3076 915 3124 in
922 3075 990 3127 eod.
997 3075 1102 3130 Perou.
1112 3077 1141 3128 iu
1151 3074 1205 3125 duo

211 3139 342 3189 contracti
361 3137 414 3189 hoc
431 3137 527 3190 medo:
545 3139 605 3188 Heu
623 3149 746 3210 quantus
765 3151 804 3190 est
822 3159 927 3212 semper·
944 3145 1100 3195 mortalium
1118 3138 1207 3195 livor!

109 3244 110 3255 ,
211 3203 283 3286 Sunt
301 3203 508 3277 qui'qua'dquid
520 3215 621 3276 putant
639 3205 753 3278 da'gnum
770 3213 900 3262 memoria
916 3213 1019 3284 Aesopi
1029 3211 1150 3274 dicunt,
1168 3211 1203 3260 si·

211 3270 381 3351 praed-nunus
399 3273 532 3328 adrisert't
556 3280 609 3327 etc.
633 3303 669 3316 -
690 3277 814 3346 v.9.1n
838 3279 908 3334 Cod.
934 3279 1037 3336 Perott.
1060 3281 1137 3333 deest
1160 3277 1204 3328 hic

210 3357 310 3400 versus.
327 3340 395 3392 Cod.
414 3343 487 3394 Ram.
503 3345 686 3413 propositum.

265 3407 334 3460 rat.
352 3408 424 3474 xxt,
441 3425 470 3459 v.
492 3425 515 3460 r.
533 3411 609 3462 deest
626 3415 653 3463 ln
671 3409 739 3464 Cod.
757 3414 860 3467 Perott.
886 3443 921 3456 -
943 3431 972 3466 o.
999 3431 1024 3484 7.
1050 3411 1151 3464 Redire
1174 3415 1203 3462 r'n

174 3481 176 3484 '
209 3479 331 3547 patratas
349 3473 420 3528 Coti.
435 3477 537 3530 Perott.
556 3507 590 3521 -
607 3497 638 3531 v.
655 3480 680 3532 t.
699 3480 776 3533 deest
794 3483 821 3536 ia
840 3479 912 3550 Cad,
929 3481 1032 3536 Perott.
1050 3477 1144 3540 Codex
1160 3481 1201 3532 Pi·
