2610 4002
513 503 516 510 .
530 447 696 510 'ausuras'
709 462 909 508 aasumensi

498 685 502 691 Ι
640 627 714 670 aaa.
735 607 802 666 XII.

515 744 689 798 eunomus
715 744 761 795 ur
787 703 929 793 ruerus.
1022 735 1025 744 ’

227 868 316 952 Opes
339 868 466 932 inuisae¹
480 867 594 930 merito
615 875 688 926 sunt
710 862 788 926 forti
808 862 896 938 uiro,

227 950 312 1044 Quia
332 950 420 1012 dives
442 970 514 1011 arca
533 967 642 1010 veram
662 943 787 1004 laudem
810 937 977 1021 intercipit.

268 1031 367 1094 Coelo
387 1041 535 1111 receptus
560 1035 696 1110 propter
716 1024 865 1085 virtutem
885 1017 1061 1098 Hercules,

226 1109 336 1252 guum
359 1111 549 1192 gratulantes
569 1105 793 1190 persalutasset
813 1102 920 1178 Deos3

184 1235 187 1242 «
259 1191 381 1251 enlente
400 1190 514 1267 Pluto,
584 1189 595 1248 i
616 1185 774 1246 Fortunae
796 1192 845 1242 est
864 1179 965 1256 filius,

225 1270 351 1334 Avertit
374 1270 493 1330 oculos.
535 1210 666 1330 &elusam
687 1255 842 1346 quaesivit
859 1273 961 1342 pater.

225 1349 309 1426 Odi,
328 1347 444 1432 inquit,
464 1349 568 1426 illum,
589 1344 663 1430 quia
684 1341 778 1402 malis
796 1341 913 1402 amicus
935 1350 1002 1417 est,
1034 1413 1037 1418 Ι

225 1428 390 1512 Simulque
414 1429 540 1492 obiecto
562 1433 674 1490 cuncta
698 1420 873 1502 corrumpit
891 1421 993 1482 lucro.

627 1586 815 1607 Ἀ

631 1719 809 1784 uan.XllI.

458 1853 459 1860 ’
522 1856 623 1909 LEO
657 1849 921 1909 REGNANS.

205 1957 206 1961 ¹
226 1969 338 2032 Utilius
358 1968 477 2031 homini
496 1969 573 2030 nihil
594 1981 659 2048 est,
681 1991 776 2110 qqam
796 1976 886 2029 reete
906 1962 995 2049 loqui
1002 1983 1014 2047 3

227 2049 395 2112 Probanda
416 2051 535 2110 cunetis
556 2060 604 2110 ost
625 2051 680 2134 qui
721 2072 754 2109 m
774 2044 944 2123 sententia,

222 2130 291 2191 ted
313 2129 352 2188 ad
371 2129 545 2208 perniciem
565 2129 647 2191 solet
667 2130 716 2212 agi
740 2128 909 2189 sinceritas.

266 2208 374 2296 Quum
392 2226 427 2266 se
447 2206 588 2268 ferarum
609 2229 721 2290 regem
740 2208 870 2270 fecisset
889 2207 960 2284 leo,
1002 2213 1005 2219 '
1090 2229 1096 2285 s

226 2289 270 2349 Et
290 2286 452 2369 aequitatis
473 2287 572 2348 vellet
591 2286 706 2349 famam
728 2287 895 2371 consequi,

225 2369 255 2432 Α
274 2365 404 2450 pristina
428 2363 557 2427 dessexit
577 2369 819 2448 consuetudine,

198 2489 202 2496 -
225 2451 333 2532 Atque
354 2447 436 2508 inter
456 2446 523 2507 illas
545 2449 632 2511 tenui
653 2461 817 2511 contentus
838 2446 928 2526 cibo,

226 2529 338 2590 Sancta
358 2527 542 2610 incorrupta
563 2531 632 2591 iura
650 2531 806 2592 reddebat
823 2525 896 2588 fide.

224 2609 269 2671 At
291 2628 365 2668 mox
386 2607 495 2670 labare
519 2612 625 2692 coepit
648 2609 839 2694 poenitentia

193 2740 195 2748 .
225 2688 420 2772 Saevamque
442 2686 568 2750 demum
588 2689 789 2751 acl-indolem
810 2686 998 2763 revertitur,
1015 2707 1018 2716 ·

227 2770 330 2848 Quam
348 2779 452 2828 tamen
472 2767 609 2831 adhibita
631 2769 715 2832 eorri
739 2770 762 2829 it
782 2767 913 2828 fallacia.

225 2849 287 2911 Ori
308 2848 479 2910 admovere
497 2871 606 2910 nasum
627 2850 687 2912 sibi
710 2790 849 2930 liulpcrn
869 2845 974 2924 iubet,

224 2931 268 2990 Et
292 2927 448 3009 experiri,
471 2930 549 3013 quid
573 2930 664 3010 oleat.
705 2931 829 2990 Merum
848 2925 987 2988 hercule.

154 3065 157 3078 ,
225 3008 351 3084 Olfeci,
372 3006 413 3068 ait
432 3007 502 3088 illa,
522 3010 709 3087 balsamum,
730 3008 919 3069 ambrosiam
933 3026 1067 3069 meram.

225 3093 308 3148 Tum
327 3090 413 3148 Leo:
438 3090 598 3153 Pudendis
623 3088 878 3151 assentationibus

223 3168 354 3232 Violare
377 3185 490 3232 verum
510 3171 651 3255 quinon
667 3167 914 3246 erubescerent,

223 3245 408 3310 Numinibus
428 3251 488 3315 hos
508 3253 584 3318 vovi
607 3249 812 3316 immolandos
828 3247 958 3329 inferis,

233 3399 417 3418 m

272 3455 341 3541 Μ.
360 3491 433 3555 XIII,
450 3507 479 3539 v.
497 3506 522 3555 9.
541 3491 691 3560 Postquam
708 3490 799 3544 lavore
817 3489 914 3557 coepit.
934 3485 1022 3540 Codd.
1041 3463 1213 3555 etsoquentu
1289 3491 1290 3504 ¹

151 3632 156 3646 Ι
226 3559 341 3628 suppleti
358 3567 449 3610 sunta
466 3558 641 3611 Desbillouio.

1184 3085 1217 3152 15

1290 3379 1292 3459 l
