2678 3978
212 464 314 533 XVIII
422 509 425 520 .
586 480 663 526 trra
682 479 840 523 ransom.

210 645 294 706 nem,
315 623 457 687 moribus
480 608 546 685 eius
560 644 624 686 non
640 621 831 682 dissimilem.
850 623 930 682 Nam
950 620 987 699 si,
1008 620 1153 705 inquit,
1171 624 1218 705 ip-

210 743 280 782 sum
295 718 443 780 Seianum
455 718 629 800 intelligas,
644 719 698 802 qui
713 737 833 802 quaeso
846 739 938 779 ausus
948 730 997 780 est
1009 715 1107 778 homo
1121 718 1217 779 liber-

210 814 293 876 tinus
314 834 404 892 eum,
426 814 485 874 sub
510 815 694 876 saevissimo
709 814 852 897 principe
869 809 1042 878 crudeliter
1056 813 1219 874 dominan-

209 923 292 988 tem,
313 921 378 970 tam
398 909 515 973 acerbo
535 911 754 994 perstringere
775 910 807 970 in
830 909 967 971 carmine
988 909 1142 990 publico?
1164 923 1220 971 aut

210 1007 237 1066 si
256 1006 319 1068 hoc
341 1017 390 1066 est
417 1007 583 1068 Phaedrus
612 1030 723 1084 ausus,
748 1007 834 1069 ritae
861 1024 937 1064 suae
962 1005 1134 1088 prodigus,
1162 1006 1219 1088 qui

209 1122 327 1186 quaeso
348 1102 486 1180 factum,
513 1116 550 1165 ut
569 1114 686 1164 tantam
706 1101 833 1183 linguae
856 1101 1014 1161 licentiam
1034 1102 1219 1183 impunitam

207 1201 319 1264 tulerit
326 1223 335 1279 3
356 1201 466 1262 tulisse
486 1213 590 1262 autem
612 1199 750 1275 videtur,
772 1199 860 1281 quod
880 1198 1068 1279 interposito
1092 1209 1214 1278 tempo·

207 1319 246 1360 re
268 1296 385 1380 reliqui
405 1295 584 1358 fabularum
610 1291 685 1352 libri
706 1293 912 1374 prodierunt.
953 1298 1031 1356 Nam
1058 1315 1122 1355 non
1150 1313 1218 1354 om-
1292 1284 1297 1290 ’

208 1413 265 1454 nes
279 1391 371 1453 simul
388 1411 457 1452 esse
474 1393 593 1468 editos,
607 1387 704 1449 facilc
717 1389 837 1470 largior
853 1390 972 1468 llario,
986 1389 1108 1451 auctori
1123 1389 1218 1471 Epis-

206 1488 292 1548 tolae
321 1486 460 1548 criticae.
502 1488 546 1548 At
572 1504 652 1548 vero
678 1505 877 1569 nequaquam
908 1487 939 1546 in
970 1506 1009 1546 eo
1038 1484 1216 1562 adsentior,

206 1583 295 1668 quod
316 1582 431 1644 eodem
458 1581 495 1639 in
516 1581 591 1640 loco
611 1581 650 1642 ad
671 1583 758 1642 Prol.
776 1583 847 1645 Lib.
868 1585 919 1643 111.
945 1593 1070 1659 monet,
1100 1580 1216 1664 Seiano

204 1681 267 1741 iam
288 1681 432 1741 damnato
455 1697 528 1738 eum
548 1674 665 1738 librum
686 1697 757 1738 esse
773 1676 978 1762 scriptum.*)
1006 1680 1084 1737 Nam
1100 1675 1218 1756 sipost

204 1773 437 1835 damnationem
445 1800 458 1850 ‚·
477 1773 569 1834 etiam
592 1783 665 1854 post
685 1784 822 1834 mortem
842 1774 978 1855 scriptus
1002 1785 1067 1851 est3
1099 1773 1216 1833 eodem

205 1868 288 1930 enim
311 1867 362 1927 die
384 1866 546 1926 damnatus
570 1867 602 1926 in
624 1867 743 1930 Senatu
771 1883 805 1931 et
825 1859 875 1930 ad
893 1871 1082 1952 supplicium
1104 1879 1216 1949 raptus

204 1974 254 2023 est
274 1961 422 2036 Seianus,
443 1962 538 2021 Dion.
554 1963 663 2026 LVIII.
684 1983 715 2043 p.
734 1963 803 2026 tae.
831 1969 875 2028 At
897 1987 975 2029 vero
991 1964 1105 2028 vixisse
1125 1961 1216 2021 illum

203 2056 344 2118 Phaedri
357 2053 504 2115 Seianum
519 2073 554 2114 ac
575 2075 687 2137 magna
710 2062 900 2122 auctoritate
916 2073 949 2122 et
965 2059 1106 2142 potentia
1121 2076 1217 2138 prae-

203 2151 304 2212 ditum
318 2148 435 2227 fuisse,
456 2157 529 2209 cum
546 2148 605 2210 illa·
614 2149 771 2216 scriberet
791 2160 907 2238 potita,
927 2155 1008 2217 haec
1030 2152 1126 2218 rerba
1146 2152 1216 2214 rin-

203 2258 297 2308 cunt:

215 2356 219 2363 '
309 2346 420 2416 Quodsi
434 2360 583 2400 ncottsntor
599 2349 673 2401 olins
689 2350 789 2402 Seiano
800 2349 897 2422 soret,

216 2449 222 2458 ·
308 2437 342 2487 Sc·
358 2439 433 2488 testis
452 2438 540 2499 alins,
558 2438 641 2490 iudex
659 2442 731 2493 nlius
749 2443 865 2513 denique

203 2526 376 2618 Quomodo
398 2524 416 2584 s
423 2537 513 2586 oret
534 2526 649 2589 Seiano
672 2521 799 2590 mortuo
823 2527 1035 2591 conveniet?“

286 2622 382 2682 Cuius
393 2620 521 2704 quidem
536 2626 725 2705 argumenti,
740 2625 876 2706 speciosi
891 2626 1041 2708 proiecto
1055 2627 1101 2687 ris
1116 2624 1214 2687 facile

203 2711 333 2797 infringi
354 2728 476 2796 potest,
499 2716 526 2775 si
546 2716 662 2801 fingas,
679 2721 855 2802 Prologum
871 2721 961 2782 Libri
982 2724 1031 2782 Ill.
1056 2722 1214 2805 vivoqui-

203 2809 277 2871 dem
290 2811 406 2873 Seiano
417 2812 531 2874 litteris
546 2817 781 2899 consignatum,
802 2817 860 2878 sed
873 2817 999 2878 demum
1013 2830 1088 2900 post
1108 2818 1214 2879 Phae·

202 2902 254 2963 dri
271 2917 407 2966 mortem
431 2908 507 2970 iuris
531 2909 650 2972 factum
673 2927 744 2970 esse
765 2912 894 2992 publici.
933 2915 1038 3008 Quam
1063 2915 1215 2974 sententi-

203 3017 253 3059 am
275 3000 445 3062 sustentari
464 3023 561 3085 posse
575 3024 691 3068 censeo
706 3005 779 3068 loco
793 3007 949 3087 Phaedri,
964 3009 1053 3071 Prol.
1074 3009 1143 3070 Lib.
1160 3009 1212 3070 111.

202 3111 249 3156 rs·
271 3111 311 3178 29
330 3128 373 3143 -
390 3097 440 3161 32.

206 3253 374 3274 *n-

254 3361 279 3430 *)
299 3363 411 3415 Libram
429 3363 474 3415 111.
491 3373 557 3485 post
576 3367 664 3418 Sciant
682 3371 770 3421 statim
787 3369 894 3422 ruinam
909 3377 1044 3422 exaratum
1064 3383 1138 3436 esse,
1156 3381 1211 3424 ns·

201 3429 421 3564 prspapptariua,
438 3447 491 3502 pro
511 3442 572 3486 anto
590 3433 756 3505 burmann,
776 3453 855 3508 quem
873 3437 933 3490 vids
950 3439 987 3490 ad
1002 3439 1116 3492 Phaedri
1130 3441 1159 3490 F.
1176 3441 1210 3491 11.
