2610 4002
410 469 492 530 'aim
508 465 556 545 V,
577 486 651 530 ese.
670 468 776 550 Ι,ὅ--ὐ,

5 617 16 634 '
100 624 153 687 Mo
173 628 295 702 vincet,
315 625 417 712 inquit
424 649 433 706 3
454 639 487 689 et
507 629 609 690 statim
627 628 791 712 professus
811 641 877 708 est,

100 707 188 768 ldem
207 705 366 769 facturum
387 707 499 770 melius
520 730 555 770 se
578 710 741 792 postridie.

99 787 153 847 Fit
172 785 265 872 turba
287 788 398 852 maior.
437 788 501 848 lam
520 786 614 853 favor
629 800 750 850 mentes
771 799 874 868 tenet,

98 868 143 927 Et
163 866 399 946 derismi,non
422 887 436 928 s
461 870 613 946 ectaturi,
634 868 754 930 sedent.
841 887 842 892 ¹

98 947 243 1032 Uterque
264 948 382 1030 prodit.
448 967 541 1008 curra
561 949 730 1032 degrunnit
749 949 858 1030 prior,

99 1028 273 1110 Movetque
289 1028 441 1168 lplausus,
461 1040 495 1089 et
516 1029 670 1111 clamores
690 1029 830 1092 suscitat.

98 1110 189 1168 Tunc
209 1109 289 1167 simu
302 1127 355 1169 ans
377 1127 446 1169 sese
467 1109 661 1170 vestimentis
682 1110 820 1171 rusticus

98 1187 281 1250 Porcellum
302 1187 454 1270 obtegere
476 1189 491 1270 (
515 1189 580 1251 uod
602 1188 741 1266 faciebat
761 1189 899 1264 scilicet,

98 1263 181 1344 Sed,
203 1268 235 1327 in
255 1268 365 1352 priore
386 1269 458 1352 quia
478 1210 522 1328 nli
543 1282 782 1352 compererant,
803 1268 919 1347 latens)

98 1347 253 1409 Pervellit
275 1369 385 1409 aurem
406 1365 503 1426 vero,
525 1369 620 1432 quem
641 1350 815 1426 celaverat,

98 1429 141 1487 Et
161 1447 232 1490 cum
250 1426 364 1490 dolore
384 1447 499 1490 vocem
518 1441 647 1494 naturae
669 1429 824 1514 exprimit.

98 1508 258 1569 Acclamat
278 1508 434 1588 populus,
455 1510 716 1571 scurrammulto
736 1509 868 1570 similius

98 1587 271 1665 Imitatum,
292 1599 324 1648 et
342 1587 446 1680 cogit,
466 1587 618 1648 rusticum
637 1589 725 1648 trudi
744 1587 841 1650 foras.

71 1669 140 1736 ,lit
163 1666 216 1728 ille
237 1666 365 1749 profert
381 1683 484 1747 ipsum
508 1669 687 1748 porcellum
709 1688 727 1728 e
750 1667 833 1743 sinu,

96 1752 303 1830 Turpemque
323 1759 433 1829 aperto
454 1747 488 1829 pi
531 1766 599 1807 ore·
614 1765 759 1809 errorem
778 1745 938 1831 probans:

97 1828 160 1888 En!
182 1827 233 1889 hic
254 1828 422 1908 declarat,
434 1767 543 1914 queldo
562 1827 628 1889 sitis
650 1827 779 1889 iudices.
853 1881 856 1893 .

503 1968 694 1982 m

520 2102 596 2150 aaa.
617 2089 670 2156 Vl.

430 2214 454 2267 D
470 2215 537 2268 co
575 2219 597 2270 G
615 2219 639 2270 Α
656 2221 679 2270 L
696 2220 760 2272 Vl.

95 2328 218 2391 Invenit
238 2313 345 2390 calvus
365 2327 450 2394 forte
470 2333 503 2394 in
523 2333 620 2396 trivio
640 2335 818 2416 pectinem-3

94 2409 240 2472 Accessit
259 2409 357 2492 alter,
381 2432 485 2495 aeque
505 2413 650 2506 delectus
670 2417 752 2497 pilis.

94 2679 129 2689 —
146 2666 174 2699 v.
194 2649 236 2700 26.
254 2648 295 2698 Ita
313 2665 406 2701 omnes
430 2648 487 2700 sere
505 2649 573 2702 Edd.
600 2649 670 2702 duce
695 2648 826 2716 Pithoeo,
853 2650 881 2700 in
905 2652 981 2705 cuius
1004 2660 1093 2703 tamen

93 2717 165 2770 Cod.
186 2725 225 2768 est
252 2715 291 2766 Et
308 2716 453 2768 derisurus
468 2736 525 2769 non
538 2731 747 2790 exspectaturos
763 2721 835 2770 sicet.
848 2717 916 2772 cod.
929 2721 1001 2772 llem.
1018 2735 1093 2790 spec·

91 2798 205 2838 tacturos
223 2785 292 2834 sitat.
317 2786 385 2836 Cod.
404 2787 506 2838 l’crott.
534 2788 574 2837 Et
597 2787 744 2840 derisurus
768 2806 824 2838 non
846 2789 990 2840 secaturus
1009 2785 1093 2852 sedat,

89 2869 166 2924 quae
185 2852 295 2920 quidem
317 2855 399 2905 lectio
416 2855 549 2907 lannellio
568 2858 595 2906 in
613 2859 684 2908 notis
703 2856 738 2907 od
757 2857 825 2908 Cod.
844 2859 957 2909 Perotti.
980 2857 1094 2923 genuina

90 2921 202 2974 videtur
219 2930 246 2974 et
264 2922 354 2990 stilum
371 2921 485 2975 Phaedri
522 2924 633 2977 rodens.
667 2927 716 2976 llic
725 2924 827 2994 fizvor,
847 2928 873 2977 in
894 2928 947 2991 nit,
972 2924 1095 2976 sedetet

89 2997 214 3060 spectat,
233 2998 263 3040 ut
281 2989 334 3040 lab.
355 2993 393 3042 13.
412 2990 473 3042 Lib.
492 2943 521 3042 ff
876 2945 895 3044 i

90 3079 119 3112 v.
145 3054 184 3122 ii.
202 3057 324 3108 ariditas
341 3070 382 3108 est
399 3057 474 3108 diaes
492 3068 519 3111 et
536 3062 589 3112 alia
606 3064 703 3132 passim
722 3071 780 3113 toto
801 3079 893 3132 opere.
911 3063 941 3112 In
955 3063 1039 3112 altero
1052 3067 1092 3109 ta·

89 3141 159 3179 men
178 3126 249 3178 libro
267 3143 282 3178 a
298 3143 327 3179 se
346 3127 418 3179 edito
435 3127 481 3194 qui
499 3129 671 3182 inscribitur:
689 3129 812 3181 Phaedri
827 3129 948 3182 Fabulae
965 3145 978 3178 e
995 3125 1094 3178 Codice

89 3196 239 3248 Perottino
257 3196 282 3246 le
302 3197 335 3248 it:
359 3195 399 3246 Et
418 3194 540 3248 derisuri
556 3215 613 3248 non
630 3201 752 3250 secuturi
767 3197 869 3248 sedent.
890 3228 924 3238 -
939 3215 967 3249 v.
986 3205 1028 3262 27.
1046 3194 1093 3247 dc·

90 3264 215 3383 pruritui
241 3213 311 3314 (lod.
336 3265 439 3315 Perott.
468 3261 616 3332 digrunnit
639 3266 728 3318 Codd.
750 3267 821 3322 Pith.
843 3268 917 3318 Rem.
949 3280 1093 3332 omnesque

104 3347 154 3384 ere
172 3330 240 3381 Edd.
260 3331 304 3387 Cf.
321 3332 462 3385 Burmann.
478 3361 513 3371 —
528 3349 557 3384 v.
575 3336 618 3385 31.
636 3335 676 3386 Ita
694 3335 789 3402 Rigalt.
805 3335 839 3386 11.
868 3344 894 3387 et
913 3334 1010 3386 deinde
1035 3333 1093 3382 lere

91 3411 200 3452 omnes.
219 3401 251 3448 ln
267 3400 355 3451 Codd.
372 3401 442 3452 Pith.
461 3401 533 3453 Rem.
553 3411 579 3454 et
591 3402 658 3453 Edd.
669 3404 763 3472 primis
781 3414 956 3475 compererat.
972 3402 1093 3464 Ursinus,

92 3469 235 3531 Heinsius,
261 3469 306 3518 alii
328 3477 416 3520 totum
434 3485 555 3536 versum,
582 3472 733 3538 quictiam
751 3473 780 3522 in
797 3471 866 3524 Cod.
885 3473 988 3523 Perott.
1006 3468 1092 3530 deest,

91 3545 126 3586 ut
144 3537 264 3604 spurium
281 3536 400 3604 eiiciirnt.
418 3565 453 3577 -
470 3554 500 3593 v.
514 3541 556 3592 36.
567 3537 600 3588 de
612 3543 674 3591 sina
688 3539 757 3592 Cod.
769 3542 871 3594 Perott.
882 3570 915 3584 -
926 3555 956 3591 v.
968 3539 1010 3605 37.
1023 3535 1091 3589 Cod.

92 3605 198 3657 Perott.
215 3605 344 3657 lannellio
360 3611 431 3660 teste
449 3623 571 3662 errorem
587 3607 770 3680 exprobrans.

532 3011 556 3043 v.
577 3009 615 3046 tu.
635 3003 734 3063 stupor
753 2985 870 3061 ingemit
893 2994 935 3045 ab.
958 2991 1094 3044 1.Lib.11.
