2678 3978
483 460 562 506 vira
583 459 741 508 rnatum.
1061 445 1123 512 XV

110 598 312 688 petentibus,
333 601 437 682 ipsum
459 620 594 684 carpere
618 599 799 678 Tiberium,
819 601 906 666 forte
933 605 1050 688 cupide
1072 627 1122 668 ar-

107 693 250 776 ripuerit
269 695 361 758 istam
381 699 601 776 occasionem,
631 699 805 762 ulciscendi
829 701 989 781 iniuriam,
1019 721 1059 764 ex
1079 703 1122 764 ul·

111 801 183 854 tera
202 791 322 854 fabella
342 812 446 874 nuper
464 805 645 875 acceptam,
667 806 700 856 et
713 806 898 873 accusator,
919 798 1008 860 testis
1024 820 1061 860 ac
1074 800 1122 860 iu·

111 884 175 948 dex
195 887 298 948 laesae
318 888 490 950 maiestatis
512 910 602 952 reum
622 879 669 971 m)
693 890 878 956 Phaedrum
893 890 1040 954 damnare
1052 903 1122 954 ten-

111 981 199 1042 tavit.
221 982 329 1067 Atque
351 981 404 1043 hio
425 983 576 1046 observat
595 985 831 1065 Desbillonius,
852 987 897 1068 n).
909 987 1051 1070 potuisse
1066 985 1122 1048 Ti-

110 1075 238 1139 berium
256 1099 356 1161 parvo
378 1078 434 1140 illo
455 1079 576 1162 tigillo,
604 1081 693 1166 quod
720 1083 828 1143 Ranae
849 1082 1013 1166 inquinant
1035 1083 1121 1143 omni

77 1219 79 1224 ,
112 1175 321 1254 contumelia,
335 1198 399 1240 non
410 1177 518 1258 inepte
534 1176 708 1260 designari:
724 1177 885 1238 Romanos
899 1179 983 1239 enim
997 1195 1033 1238 ac
1042 1195 1124 1259 prae,

113 1270 229 1332 ceteris
256 1271 355 1336 duces
385 1273 584 1334 exercituum
615 1274 824 1356 militesque,¹
842 1287 875 1336 et
900 1273 1001 1337 multo
1027 1274 1122 1338 etiam

111 1366 211 1448 magis
237 1368 337 1431 socias
365 1382 476 1452 gentes
503 1369 551 1430 his
571 1368 770 1450 potissimum
795 1373 993 1453 temporibus
1014 1391 1123 1453 asper«

110 1465 180 1524 nari
201 1487 274 1527 eum
295 1467 458 1548 coepisse3
480 1464 567 1549 quod
587 1464 712 1545 imperii
731 1465 855 1526 clevum
867 1465 1020 1530 deserere
1033 1459 1124 1532 vide·

111 1571 213 1637 tenir,
235 1571 268 1620 ct
280 1561 416 1642 ignavus
436 1562 685 1642 Caprearum
706 1575 872 1643 angusta
893 1564 930 1624 in
949 1583 1124 1644 rupese·

111 1655 250 1730 deret,
271 1654 309 1732 o)
331 1669 424 1739 atque
446 1657 617 1729 otiaretur,
638 1664 747 1716 tutore
768 1658 893 1720 Seiano.
915 1663 1005 1726 Tunc
1016 1659 1123 1738 etiam,

110 1763 246 1838 auctore
267 1753 428 1832 Tacito;
449 1751 486 1833 p)
510 1750 782 1813 contumeliae
802 1752 950 1814 in'eum
970 1753 1122 1829 dictae3

110 1849 286 1912 etfluxa
305 1848 421 1910 senio
440 1868 548 1909 mens
572 1859 612 1908 et
629 1844 825 1907 continuo
846 1845 1044 1911 abscessu
1060 1867 1125 1910 ves

110 1943 380 2008 lutexsilium
402 1943 613 2028 aliquanto
629 1943 956 2024 postaFulcinio
972 1941 1123 2004 Trione

111 2031 284 2112 obiecta.
325 2044 398 2104 Non
416 2053 522 2102 tamen
542 2038 752 2117 crediderim,
773 2039 976 2119 Phaedrum,
1007 2040 1124 2104 omissa

111 2135 318 2215 crudelitate,
350 2127 454 2200 solum
477 2138 633 2220 ignaviam
661 2149 758 2218 atque
778 2135 980 2200 inutilitatem
1001 2137 1124 2201 Tiberii

110 2230 221 2294 fabula
240 2248 415 2297 memorata
436 2234 585 2296 deridere
607 2219 765 2309 voluisse,
791 2232 879 2316 quod
910 2233 1022 2296 volunt
1041 2232 1124 2292 Des-

110 2330 259 2392 billonius
270 2342 303 2393 et
320 2329 536 2390 'Pristanu's
555 2327 759 2411 (Histoire
776 2327 848 2388 des
863 2330 1124 2409 Empereurs,

111 2425 184 2487 loco
204 2410 279 2486 mox
300 2424 451 2504 citando).
475 2422 621 2484 Crudelis
643 2415 726 2484 enim
740 2443 809 2484 esse
823 2445 887 2496 non
901 2424 1037 2483 destitit:
1058 2441 1122 2480 non

110 2519 209 2601 igitur
230 2521 325 2582 alium
343 2541 405 2603 per
424 2519 560 2599 hydrum
579 2517 739 2579 notanisse
753 2519 880 2582 videtur
893 2521 1008 2602 polita,
1028 2536 1123 2599 quam

111 2615 236 2676 huncce
257 2616 505 2697 Imperatorem,
525 2611 559 2692 ⁴⁸)
581 2612 641 2672 nisi
661 2612 730 2694 quis
755 2615 843 2675 malit
862 2614 1042 2696 intelligere
1067 2612 1124 2672 Se-

111 2712 234 2788 ianum,
256 2709 499 2772 instrumentum
512 2707 706 2770 'crudelitatis
721 2728 806 2770 suae.
827 2712 941 2793 Neque
957 2708 1054 2769 obiici
1065 2727 1126 2790 po·

165 2935 204 3004 m)
225 2933 404 2985 Toc.-Annal.
422 2931 482 2982 Lib.
501 2932 522 2982 1.
541 2932 571 2982 C.
591 2947 632 2998 72·
651 2931 685 2983 de
698 2933 808 2984 Tiberio
820 2937 947 3002 loquens:
964 2934 1069 3002 Legem,
1083 2934 1125 2982 in-

112 3005 184 3076 quit,
203 3003 355 3052 maiestatis
371 2998 528 3053 reduxerat.
548 3003 610 3052 coll.
628 2999 780 3053 Dssbillon.
795 3002 870 3071 Disp.
888 3001 922 3056 de
939 3005 991 3056 vita
999 3000 1125 3056 Phaedrt

111 3093 140 3144 p.
157 3075 193 3226 ii)
213 3089 288 3224 ἕξει).
307 3152 342 3206 de
359 3155 411 3204 vita
427 3151 552 3204 Phaedri.
571 3170 597 3220 p.
617 3151 683 3216 nl„

167 3238 197 3306 o)
215 3233 354 3288 Iuventatis
372 3237 427 3286 Sat:
446 3237 479 3286 X.
498 3254 521 3286 v.
544 3239 588 3302 93.

166 3323 197 3392 p)
217 3323 313 3373 Annal.
331 3323 390 3374 Lib.
409 3323 455 3374 IV.
475 3323 540 3392 Cap.
559 3318 602 3387 da.
621 3331 648 3374 et
664 3322 726 3377 Lib.
748 3321 794 3375 VI.
813 3321 878 3394 Cap.
896 3327 939 3380 38.

157 3406 190 3475 a)
209 3405 265 3456 Iam
284 3407 347 3456 olim
365 3406 554 3474 Heusingerua
572 3407 653 3471 vidit,
683 3409 820 3460 Tiberium
832 3424 886 3458 non
898 3407 1055 3473 Caligulam,
1074 3404 1128 3469 sig·
1204 3435 1209 3450 ι

115 3473 217 3526 nificsrl
236 3487 286 3543 per
304 3472 427 3542 hydrum.
447 3475 517 3526 Vide
532 3474 666 3528 Addeuda
679 3475 714 3528 ad
725 3476 796 3530 Edit.
809 3475 963 3543 Heusinger.
973 3489 1035 3526 ann.
1052 3487 1127 3538 ¹77²·

114 3543 178 3594 Not.
196 3543 234 3618 tt.
247 3547 274 3594 et
291 3541 326 3595 ad
343 3543 373 3595 L.
391 3542 413 3597 1.
432 3543 462 3595 F.
481 3542 515 3594 11.
536 3541 578 3610 24.
