2610 4002
535 479 682 560 Plutum
706 483 907 528 FABULARUM

630 641 706 687 mu
729 599 765 687 u.

489 801 495 832 ,
525 755 700 811 vnronus
718 753 764 804 uu
779 747 907 804 Llrno.

142 864 148 880 s
220 881 296 941 Duo
317 901 413 964 quum
436 879 618 948 incidissent
640 877 672 937 in
691 877 848 949 latronein
868 873 1001 951 milltes,

220 960 308 1020 Unus
329 959 490 1056 profugit,
513 960 595 1020 alter
615 967 719 1018 autem
739 954 871 1032 restitit,

221 1041 265 1102 Et
283 1041 453 1102 vindicavit
473 1059 544 1101 sese
564 1039 643 1101 forti
665 1035 817 1097 deutera·

220 1122 360 1182 Latrone
383 1121 506 1196 occiso,
527 1119 654 1180 timidus
677 1117 814 1178 accurrit
834 1129 959 1194 eomes,

221 1197 420 1285 Stringitque
445 1199 599 1284 gladium,
625 1197 713 1273 dein,
735 1197 854 1257 reiecta
876 1198 1028 1278 paenula,
1204 1197 1226 1260 5

222 1281 328 1360 Cedo,
349 1281 466 1365 inquit,
488 1280 593 1356 illum,
614 1279 675 1339 iam
696 1275 814 1338 curabo
835 1278 964 1355 sentiat,
1166 1277 1170 1288 ’

222 1361 311 1440 Quos
333 1361 500 1422 attentarit.
541 1363 648 1432 Tunc,
671 1358 725 1440 qui
747 1357 1004 1439 depugnaverat:

220 1441 364 1518 Vellem,
386 1441 452 1501 istis
469 1439 710 1504 verbissaltem
734 1435 906 1498 adiuvisses
929 1440 1044 1514 modo,

222 1521 425 1582 Constantior
445 1519 592 1596 fuissem,
614 1539 692 1581 vera
716 1517 913 1580 existimanst
1063 1574 1066 1582 .

185 1667 193 1685 ⁸
220 1601 312 1662 Nunc
333 1600 435 1676 conde
449 1599 600 1678 iterium,
622 1611 654 1660 et
677 1598 816 1680 linguam
837 1597 959 1678 pariter
979 1595 1115 1660 futilem.
1188 1620 1224 1663 so

220 1681 264 1740 Ut
282 1683 383 1764 possis
407 1681 483 1744 alios
504 1680 682 1764 ignorantes
703 1677 835 1755 fallere,
957 1681 963 1691 '

220 1761 310 1843 Ego,
331 1762 386 1848 qui
410 1783 480 1823 sum
501 1773 667 1842 expertus,
689 1759 811 1842 quantis
834 1756 937 1841 fugias
956 1757 1096 1837 viribus,-

221 1842 312 1920 Soio,
336 1865 429 1928 quam
451 1842 562 1904 virtuti
583 1861 648 1903 nou
670 1838 710 1900 sit
730 1837 926 1900 eredendum
945 1847 1030 1901 tuae.

209 1972 215 1986 .
260 1923 309 1985 llli
328 1923 477 2007 assignari
500 1921 597 2007 dehet
617 1920 696 1982 haec
716 1919 875 1996 narratio,
974 1963 976 1970 ,

222 2000 288 2091 Qui
307 2025 344 2068 re
366 2004 504 2067 secunda
524 2001 618 2066 fortis
641 2009 706 2077 est,
727 1998 823 2062 dubia
843 1997 950 2081 fugax„

619 2161 822 2180 *ιι-ι*

647 2273 722 2356 usn.
744 2291 793 2356 Ill.

498 2446 672 2499 CALVUS
693 2449 750 2498 ΕΤ
775 2448 937 2500 Muses.

210 2563 311 2646 lcatvi
334 2586 506 2650 momordit
528 2577 635 2649 musca
654 2575 806 2648 nudatum
829 2595 940 2677 caput3

222 2663 326 2748 Quam
349 2667 533 2748 opprimere
557 2675 683 2748 captans
706 2669 827 2749 alapam
848 2663 908 2723 sihi
929 2664 1020 2726 duxit
1036 2685 1181 2750 gravem.

221 2749 311 2806 'runc
330 2745 383 2806 illa
403 2746 556 2809 irridenss
577 2749 736 2809 Punctum
756 2743 906 2818 volucris
938 2747 1066 2822 arsulae

221 2823 360 2888 Voluisti
376 2840 480 2889 morte
503 2827 630 2906 ulcisci3
652 2825 728 2912 quid
747 2823 845 2888 facies
866 2764 936 2886 tibi

221 2905 356 2968 Iniuriae
378 2907 433 2991 qui
455 2904 615 2972 addideris
636 2901 879 2970 coutumeliam?
1201 2911 1221 2974 5

221 3059 418 3076 Q

270 3147 339 3200 nas.
357 3149 397 3215 11,
414 3165 444 3200 v.
465 3165 475 3201 1
497 3156 523 3200 et
539 3133 564 3200 a·
581 3145 653 3199 solus
671 3149 782 3200 servavit
799 3145 1218 3206 Cod.Perott.1nGodd.Pith.

222 3227 249 3270 et
266 3217 341 3268 llam.
362 3215 467 3269 desunt.
492 3245 527 3258 -
543 3231 572 3266 υ.
598 3213 623 3282 4.
647 3216 716 3267 Cod.
739 3213 841 3269 Perott.
857 3227 927 3270 teste
944 3219 1075 3270 lannallio
1094 3221 1218 3271 Latrone

221 3287 324 3336 exciso.
340 3311 374 3326 -
390 3303 418 3336 v.
437 3301 464 3351 9.
483 3285 562 3336 deest
580 3284 607 3333 in
626 3285 695 3336 Cod.
711 3287 813 3337 Paron.
830 3311 862 3326 --
879 3299 908 3336 v.
928 3287 1216 3357 13.Sas'oquamCod.

221 3355 324 3406 Pal-ott.
342 3353 372 3403 ln
388 3353 475 3406 Codd.
494 3351 565 3402 Pith.
583 3360 611 3402 et
627 3353 700 3405 Rem.
719 3352 785 3407 Soio
800 3353 885 3424 quid,
901 3369 952 3424 pro
972 3369 1026 3424 quo
1045 3356 1114 3406 Pith.
1132 3370 1216 3424 repo-

221 3424 282 3541 ιέιίἷ1
292 3419 417 3538 ᾳὲοιὶἳιι
434 3422 555 3488 plurimis
573 3419 643 3472 Edd.
662 3431 811 3491 receptum.
829 3435 863 3462 -’-
879 3439 908 3472 v.
929 3425 960 3488 ¹4
979 3431 1006 3475 et
1026 3425 1055 3478 t5
1074 3424 1170 3476 destun
1189 3427 1216 3474 in

247 3507 263 3542 o
284 3523 291 3538 .
332 3505 378 3539 ero
405 3524 433 3537 ..
536 3503 539 3510 ·
1163 3529 1165 3536 Α

272 3556 339 3608 Fas.
357 3555 414 3622 111,
430 3570 459 3606 v.
478 3557 503 3608 5.
522 3555 609 3608 Codd.
628 3559 696 3611 Plth.
717 3567 744 3612 st
766 3559 840 3611 ilem.
865 3559 984 3624 lisinnias
1012 3561 1078 3630 quio
1098 3558 1215 3612 dedwis.
