2678 3978
224 485 298 551 xvl
422 551 426 572 ⁸
598 503 676 547 vara
697 506 854 551 ιιιιιιιιιιι.

224 658 288 708 test
309 667 326 706 a
347 646 388 708 cl.
409 645 553 706 lacobs
580 648 612 707 in
642 639 767 710 erudita
787 648 1008 710 dissertatione
1035 645 1076 708 de
1096 647 1235 709 Fabula-

224 743 346 804 toribus
368 741 501 817 Latinis,
523 743 568 822 (v.
590 745 820 828 Nachtra'ge
845 766 894 803 zu
915 743 1082 804 Sulzers
1103 742 1235 804 Theo·

224 842 284 902 rie
304 843 340 900 T.
356 839 410 903 Vl
431 839 471 900 Ρ
485 837 507 896 Ι.
527 857 559 916 p
580 838 645 917 34)
671 839 836 919 hydrum
827 855 922 904 ratum
943 841 984 903 de
1007 839 1149 920 Caligula
1166 859 1234 901 non

223 957 319 1048 posse
339 934 489 1015 intelligi,
518 933 591 1043 quia
618 933 728 996 fabula
750 938 791 998 de
811 938 894 997 1anis
916 955 1050 1017 graecae
1074 934 1115 994 sit
1135 933 1234 1016 origi-

223 1034 280 1094 nis.
315 1033 406 1120 Quae
428 1031 556 1091 enimsi
577 1050 655 1091 vera
676 1046 797 1110 essent,
821 1034 871 1095 vix
890 1033 1010 1092 liceret
1024 1031 1233 1106 contendere,

224 1131 389 1191 Tiberium
409 1151 427 1188 a
447 1126 595 1186 Phaedro
616 1147 677 1208 per
692 1080 829 1207 'hydrtim
849 1138 992 1187 notatum
1014 1125 1122 1188 fuisse.
1164 1127 1233 1188 Sed

223 1227 292 1310 quis
315 1224 416 1308 possit
437 1223 600 1300 dubitare,
627 1225 756 1303 poe'tam
786 1219 928 1301 fabulas,
959 1222 996 1282 ab
1024 1222 1155 1303 Aesopo
1184 1221 1232 1283 in·

223 1330 349 1396 ventas,
372 1328 405 1377 et
428 1341 445 1380 a
466 1341 500 1380 se
523 1320 667 1382 versibus
686 1317 815 1378 senariis
836 1319 967 1398 politas,
991 1320 1084 1399 genio
1112 1319 1233 1380 saeculi

225 1415 497 1492 accomodavisse,
520 1415 719 1497 eundemque
743 1413 802 1473 sub
822 1414 955 1497 antiquis
971 1414 1032 1474 illis
1046 1413 1162 1474 fabulis
1176 1433 1232 1474 res

223 1531 279 1570 sua
300 1510 453 1570 memoria
476 1501 579 1590 gestas
603 1511 743 1571 voluisse
764 1510 968 1588 adumbrare3
1002 1529 1074 1570 cum
1093 1509 1122 1570 ei
1141 1529 1233 1572 mens

223 1617 325 1683 esset,
347 1617 384 1665 ut
401 1605 469 1686 ipse
493 1615 629 1664 testatur
649 1606 737 1665 Prol.
751 1606 799 1667 Ill.
814 1608 862 1669 50.
886 1607 1011 1667 vitam
1035 1616 1074 1675 et
1094 1593 1231 1667 mores

222 1700 422 1764 hominum
442 1701 673 1761 ostendere.

301 1799 437 1859 Praeter
459 1798 607 1858 Seianum
633 1797 838 1879 subsequenti
866 1809 1013 1879 tempore
1042 1817 1105 1858 non
1135 1800 1232 1880 pauci

224 1905 315 1957 erant
335 1905 500 1976 potentes,
521 1895 575 1978 qui
594 1892 733 1953 Phaedri
751 1890 868 1954 fabulis
890 1913 924 1952 se
947 1893 1050 1954 laesos
1068 1909 1232 1976 putarent,

222 1992 367 2073 iramque
392 2003 578 2052 evomerent
591 1991 623 2049 in
642 2001 821 2065 auctorem,
836 1988 872 2070 q)
891 2008 971 2070 quos
986 1987 1038 2049 hic
1054 2001 1158 2051 tamen
1171 2011 1232 2051 no-

125 2113 129 2124 ,
222 2086 342 2146 minare
365 2105 427 2146 non
449 2085 544 2145 audet
551 2107 560 2162 3
584 2084 617 2144 id
638 2085 726 2170 quod
741 2082 920 2146 luculenter
941 2096 1071 2166 apparet
1093 2083 1231 2167 epril.

222 2180 292 2242 Lib.
312 2181 365 2245 111.
388 2200 435 2262 29.
457 2188 526 2264 sqq'.
550 2180 582 2259 r)

326 2281 382 2331 Sed
398 2281 546 2350 difficulter
563 2287 721 2334 continetur
737 2285 853 2353 spiritns
862 2319 872 2345 ,

325 2374 500 2438 Integritatis
519 2375 570 2442 qui
585 2375 708 2426 sincerae
725 2377 852 2426 conscius

327 2467 351 2512 A
368 2461 514 2513 noxiorum
531 2466 666 2532 premitur
682 2465 846 2516 insolentiis.

325 2555 382 2620 Qui
399 2555 456 2602 sirit
475 2556 614 2622 requires:
632 2555 804 2623 eapparelturtt
824 2568 949 2626 tempore.

325 2643 388 2710 Ego
406 2641 544 2712 qnondam
562 2644 618 2708 legi
635 2660 716 2712 quam
732 2661 802 2712 puer
819 2649 999 2711 sententiam,

324 2733 419 2784 Palam
437 2734 536 2782 mutire
552 2733 655 2802 plebeio
672 2733 811 2802 piaculum
830 2749 886 2800 est,

326 2822 399 2873 Dum
419 2825 526 2873 sanitas
545 2824 697 2886 constabit,
715 2828 808 2894 pulcre
825 2832 978 2881 meminero.

303 2909 369 3002 Qui
392 2911 481 2970 locus
505 2912 638 2992 prohat,
660 2910 859 2992 Phaedrum,
881 2918 1018 2980 invidiae
1041 2919 1230 2980 calumnias·

223 3027 286 3087 que
301 3005 581 3067 machinationibus
595 3028 801 3088 oppressum,
821 3009 965 3074 fictarum
985 3035 1166 3075 caussarum
1176 3033 1228 3074 re·

223 3119 277 3158 um
298 3117 367 3160 esse
389 3099 517 3162 factum
557 3103 606 3162 Ac
625 3103 764 3184 primum
785 3107 914 3189 quidem
934 3109 1082 3178 Seianum
1102 3131 1229 3173 accusa-

273 3353 302 3470 qs)
321 3353 472 3408 nestram.
491 3361 509 3412 1.
528 3341 553 3410 'a
572 3377 598 3429 p.
617 3361 662 3410 rx.
680 3361 753 3413 pror.
771 3363 818 3412 ιιι.
837 3361 870 3426 45
886 3391 920 3406 -
938 3361 981 3430 47.
1006 3371 1068 3420 0011.
1091 3370 1160 3439 apa.
1179 3369 1227 3422 111.
1333 3355 1334 3366 ’

223 3436 257 3488 '9
274 3439 391 3571 tibilim
408 3509 466 3559 Lib.
484 3510 531 3561 IV.
550 3513 633 3564 XXV.
651 3529 692 3580 29.
710 3531 766 3582 sqq.
