<?xml version="1.0" encoding="UTF-8"?>
<!DOCTYPE html PUBLIC "-//W3C//DTD XHTML 1.0 Transitional//EN"
    "http://www.w3.org/TR/xhtml1/DTD/xhtml1-transitional.dtd">
<html xmlns="http://www.w3.org/1999/xhtml" xml:lang="en" lang="en">
 <head>
  <title>
</title>
<meta http-equiv="Content-Type" content="text/html;charset=utf-8" />
  <meta name='ocr-system' content='tesseract 3.04.00' />
  <meta name='ocr-capabilities' content='ocr_page ocr_carea ocr_par ocr_line ocrx_word'/>
</head>
<body>
  <div class='ocr_page' id='page_1' title='image "./phaedriaugustil00aesogoog_0012.png"; bbox 0 0 2678 3978; ppageno 0'>
   <div class='ocr_carea' id='block_1_1' title="bbox 506 429 1150 496">
    <p class='ocr_par' dir='ltr' id='par_1_1' title="bbox 506 429 1150 496">
     <span class='ocr_line' id='line_1_1' title="bbox 506 429 1150 496; baseline 0.008 -5"><span class='ocrx_word' id='word_1_1' title='bbox 506 446 586 493; x_wconf 78' lang='lat' dir='ltr'><strong>vara</strong></span> <span class='ocrx_word' id='word_1_2' title='bbox 606 449 764 494; x_wconf 69' lang='lat' dir='ltr'><strong>rasuras.</strong></span> <span class='ocrx_word' id='word_1_3' title='bbox 1091 429 1150 496; x_wconf 79' lang='lat' dir='ltr'><strong>vu</strong></span> 
     </span>
    </p>
   </div>
   <div class='ocr_carea' id='block_1_2' title="bbox 74 581 1161 2006">
    <p class='ocr_par' dir='ltr' id='par_1_2' title="bbox 74 581 1161 2006">
     <span class='ocr_line' id='line_1_2' title="bbox 74 581 1152 674; baseline -0.003 -22"><span class='ocrx_word' id='word_1_4' title='bbox 74 617 75 624; x_wconf 45' lang='lat'>¹</span> <span class='ocrx_word' id='word_1_5' title='bbox 140 609 216 652; x_wconf 85' lang='lat' dir='ltr'><strong>eum</strong></span> <span class='ocrx_word' id='word_1_6' title='bbox 233 587 374 674; x_wconf 85' lang='lat' dir='ltr'><strong>denique</strong></span> <span class='ocrx_word' id='word_1_7' title='bbox 393 581 503 657; x_wconf 86' lang='lat' dir='ltr'><strong>omnes</strong></span> <span class='ocrx_word' id='word_1_8' title='bbox 525 589 646 674; x_wconf 82' lang='lat' dir='ltr'><strong>antiqui</strong></span> <span class='ocrx_word' id='word_1_9' title='bbox 666 587 888 671; x_wconf 82' lang='lat' dir='ltr'><strong>Geographiae</strong></span> <span class='ocrx_word' id='word_1_10' title='bbox 900 589 1073 671; x_wconf 82' lang='lat' dir='ltr'><strong>scriptores</strong></span> <span class='ocrx_word' id='word_1_11' title='bbox 1085 589 1152 650; x_wconf 81' lang='lat' dir='ltr'><strong>Ma·</strong></span> 
     </span>
     <span class='ocr_line' id='line_1_3' title="bbox 141 683 1151 770; baseline 0.004 -26"><span class='ocrx_word' id='word_1_12' title='bbox 141 683 307 745; x_wconf 79' lang='lat' dir='ltr'><strong>sedoniam</strong></span> <span class='ocrx_word' id='word_1_13' title='bbox 327 685 495 746; x_wconf 87' lang='lat' dir='ltr'><strong>aThraeia</strong></span> <span class='ocrx_word' id='word_1_14' title='bbox 510 684 717 766; x_wconf 81' lang='lat' dir='ltr'><strong>distinguant:</strong></span> <span class='ocrx_word' id='word_1_15' title='bbox 740 683 877 744; x_wconf 86' lang='lat' dir='ltr'><strong>dubitari</strong></span> <span class='ocrx_word' id='word_1_16' title='bbox 890 685 1019 768; x_wconf 86' lang='lat' dir='ltr'><strong>nequit,</strong></span> <span class='ocrx_word' id='word_1_17' title='bbox 1041 685 1151 770; x_wconf 82' lang='lat' dir='ltr'><strong>iugum</strong></span> 
     </span>
     <span class='ocr_line' id='line_1_4' title="bbox 140 777 1152 862; baseline 0.005 -22"><span class='ocrx_word' id='word_1_18' title='bbox 140 780 301 858; x_wconf 77' lang='lat' dir='ltr'>Pieriam,</span> <span class='ocrx_word' id='word_1_19' title='bbox 324 780 365 840; x_wconf 90' lang='lat' dir='ltr'><strong>de</strong></span> <span class='ocrx_word' id='word_1_20' title='bbox 389 799 453 862; x_wconf 86' lang='lat' dir='ltr'><strong>quo</strong></span> <span class='ocrx_word' id='word_1_21' title='bbox 475 779 640 840; x_wconf 81' lang='lat' dir='ltr'><strong>Phaedrus</strong></span> <span class='ocrx_word' id='word_1_22' title='bbox 662 777 760 840; x_wconf 82' lang='lat' dir='ltr'><strong>verba</strong></span> <span class='ocrx_word' id='word_1_23' title='bbox 781 778 874 857; x_wconf 79' lang='lat' dir='ltr'><strong>facit,</strong></span> <span class='ocrx_word' id='word_1_24' title='bbox 895 781 989 842; x_wconf 85' lang='lat' dir='ltr'><strong>situm</strong></span> <span class='ocrx_word' id='word_1_25' title='bbox 1004 781 1104 844; x_wconf 84' lang='lat' dir='ltr'><strong>fuisse</strong></span> <span class='ocrx_word' id='word_1_26' title='bbox 1119 783 1152 845; x_wconf 91' lang='lat' dir='ltr'><strong>ln</strong></span> 
     </span>
     <span class='ocr_line' id='line_1_5' title="bbox 141 871 1152 957; baseline 0.004 -23"><span class='ocrx_word' id='word_1_27' title='bbox 141 873 345 953; x_wconf 86' lang='lat' dir='ltr'><strong>Macedonia,</strong></span> <span class='ocrx_word' id='word_1_28' title='bbox 374 887 408 936; x_wconf 90' lang='lat' dir='ltr'><strong>et</strong></span> <span class='ocrx_word' id='word_1_29' title='bbox 432 874 616 936; x_wconf 87' lang='lat' dir='ltr'><strong>Phaedrum</strong></span> <span class='ocrx_word' id='word_1_30' title='bbox 641 871 867 954; x_wconf 80' lang='lat' dir='ltr'><strong>Macedonem,</strong></span> <span class='ocrx_word' id='word_1_31' title='bbox 895 895 960 937; x_wconf 89' lang='lat' dir='ltr'><strong>non</strong></span> <span class='ocrx_word' id='word_1_32' title='bbox 981 876 1152 957; x_wconf 82' lang='lat' dir='ltr'><strong>Thracem,</strong></span> 
     </span>
     <span class='ocr_line' id='line_1_6' title="bbox 143 969 1153 1056; baseline 0.005 -25"><span class='ocrx_word' id='word_1_33' title='bbox 143 989 214 1033; x_wconf 86' lang='lat' dir='ltr'><strong>esse</strong></span> <span class='ocrx_word' id='word_1_34' title='bbox 235 971 465 1054; x_wconf 86' lang='lat' dir='ltr'><strong>appellandum.</strong></span> <span class='ocrx_word' id='word_1_35' title='bbox 486 969 524 1049; x_wconf 87' lang='lat' dir='ltr'><strong>h)</strong></span> <span class='ocrx_word' id='word_1_36' title='bbox 564 971 607 1030; x_wconf 85' lang='lat' dir='ltr'><strong>At</strong></span> <span class='ocrx_word' id='word_1_37' title='bbox 636 970 719 1031; x_wconf 87' lang='lat' dir='ltr'><strong>enim</strong></span> <span class='ocrx_word' id='word_1_38' title='bbox 739 971 906 1032; x_wconf 77' lang='lat' dir='ltr'><strong>Phaedrus</strong></span> <span class='ocrx_word' id='word_1_39' title='bbox 934 971 1027 1050; x_wconf 89' lang='lat' dir='ltr'><strong>loco,</strong></span> <span class='ocrx_word' id='word_1_40' title='bbox 1056 993 1153 1056; x_wconf 74' lang='lat' dir='ltr'><strong>supra</strong></span> 
     </span>
     <span class='ocr_line' id='line_1_7' title="bbox 142 1065 1152 1152; baseline 0.005 -24"><span class='ocrx_word' id='word_1_41' title='bbox 142 1080 339 1152; x_wconf 86' lang='lat' dir='ltr'><strong>memorato,</strong></span> <span class='ocrx_word' id='word_1_42' title='bbox 358 1066 385 1148; x_wconf 91' lang='lat' dir='ltr'><strong>i)</strong></span> <span class='ocrx_word' id='word_1_43' title='bbox 407 1086 442 1127; x_wconf 86' lang='lat' dir='ltr'><strong>se</strong></span> <span class='ocrx_word' id='word_1_44' title='bbox 462 1065 531 1148; x_wconf 89' lang='lat' dir='ltr'><strong>ipse</strong></span> <span class='ocrx_word' id='word_1_45' title='bbox 551 1066 749 1128; x_wconf 80' lang='lat' dir='ltr'><strong>Thracem</strong></span> <span class='ocrx_word' id='word_1_46' title='bbox 770 1081 875 1131; x_wconf 81' lang='lat' dir='ltr'><strong>vocat.</strong></span> <span class='ocrx_word' id='word_1_47' title='bbox 925 1067 971 1130; x_wconf 87' lang='lat' dir='ltr'><strong>Et</strong></span> <span class='ocrx_word' id='word_1_48' title='bbox 989 1089 1051 1152; x_wconf 87' lang='lat' dir='ltr'><strong>ego</strong></span> <span class='ocrx_word' id='word_1_49' title='bbox 1072 1070 1152 1134; x_wconf 86' lang='lat' dir='ltr'><strong>haee</strong></span> 
     </span>
     <span class='ocr_line' id='line_1_8' title="bbox 141 1156 1153 1248; baseline 0.003 -25"><span class='ocrx_word' id='word_1_50' title='bbox 141 1161 244 1223; x_wconf 78' lang='lat' dir='ltr'><strong>verba</strong></span> <span class='ocrx_word' id='word_1_51' title='bbox 263 1161 390 1224; x_wconf 92' lang='lat' dir='ltr'><strong>minime</strong></span> <span class='ocrx_word' id='word_1_52' title='bbox 405 1163 438 1223; x_wconf 90' lang='lat' dir='ltr'><strong>id</strong></span> <span class='ocrx_word' id='word_1_53' title='bbox 452 1159 631 1244; x_wconf 80' lang='lat' dir='ltr'><strong>significare</strong></span> <span class='ocrx_word' id='word_1_54' title='bbox 646 1156 823 1242; x_wconf 90' lang='lat' dir='ltr'><strong>contendo,</strong></span> <span class='ocrx_word' id='word_1_55' title='bbox 846 1162 934 1248; x_wconf 85' lang='lat' dir='ltr'><strong>quod</strong></span> <span class='ocrx_word' id='word_1_56' title='bbox 946 1162 1074 1241; x_wconf 81' lang='lat' dir='ltr'><strong>volunt,</strong></span> <span class='ocrx_word' id='word_1_57' title='bbox 1098 1163 1153 1248; x_wconf 87' lang='lat' dir='ltr'><strong>qui</strong></span> 
     </span>
     <span class='ocr_line' id='line_1_9' title="bbox 143 1257 1154 1340; baseline 0.001 -20"><span class='ocrx_word' id='word_1_58' title='bbox 143 1277 236 1320; x_wconf 82' lang='lat' dir='ltr'><strong>secus</strong></span> <span class='ocrx_word' id='word_1_59' title='bbox 258 1259 407 1327; x_wconf 85' lang='lat' dir='ltr'><strong>sentiunt.</strong></span> <span class='ocrx_word' id='word_1_60' title='bbox 434 1263 514 1321; x_wconf 92' lang='lat' dir='ltr'><strong>Nam</strong></span> <span class='ocrx_word' id='word_1_61' title='bbox 537 1268 628 1320; x_wconf 88' lang='lat' dir='ltr'><strong>recte</strong></span> <span class='ocrx_word' id='word_1_62' title='bbox 649 1257 728 1318; x_wconf 83' lang='lat' dir='ltr'><strong>vidit</strong></span> <span class='ocrx_word' id='word_1_63' title='bbox 743 1257 1047 1338; x_wconf 85' lang='lat' dir='ltr'><strong>Desbillonius‚</strong></span> <span class='ocrx_word' id='word_1_64' title='bbox 1062 1259 1099 1340; x_wconf 86' lang='lat' dir='ltr'><strong>h)</strong></span> <span class='ocrx_word' id='word_1_65' title='bbox 1116 1280 1154 1322; x_wconf 88' lang='lat' dir='ltr'><strong>ea</strong></span> 
     </span>
     <span class='ocr_line' id='line_1_10' title="bbox 142 1351 1154 1441; baseline 0.002 -25"><span class='ocrx_word' id='word_1_66' title='bbox 142 1354 187 1416; x_wconf 87' lang='lat' dir='ltr'><strong>ita</strong></span> <span class='ocrx_word' id='word_1_67' title='bbox 212 1375 283 1416; x_wconf 85' lang='lat' dir='ltr'><strong>esse</strong></span> <span class='ocrx_word' id='word_1_68' title='bbox 300 1355 553 1438; x_wconf 79' lang='lat' dir='ltr'><strong>interpretanda:</strong></span> <span class='ocrx_word' id='word_1_69' title='bbox 588 1356 660 1436; x_wconf 81' lang='lat' dir='ltr'><strong>Ego</strong></span> <span class='ocrx_word' id='word_1_70' title='bbox 684 1353 781 1416; x_wconf 83' lang='lat' dir='ltr'><strong>decus</strong></span> <span class='ocrx_word' id='word_1_71' title='bbox 801 1351 923 1433; x_wconf 80' lang='lat' dir='ltr'><strong>patriae</strong></span> <span class='ocrx_word' id='word_1_72' title='bbox 942 1375 1050 1436; x_wconf 90' lang='lat' dir='ltr'><strong>meae,</strong></span> <span class='ocrx_word' id='word_1_73' title='bbox 1071 1375 1154 1441; x_wconf 87' lang='lat' dir='ltr'><strong>quae</strong></span> 
     </span>
     <span class='ocr_line' id='line_1_11' title="bbox 142 1448 1154 1536; baseline 0.005 -26"><span class='ocrx_word' id='word_1_74' title='bbox 142 1451 304 1514; x_wconf 77' lang='lat' dir='ltr'><strong>litteratae</strong></span> <span class='ocrx_word' id='word_1_75' title='bbox 328 1451 486 1514; x_wconf 78' lang='lat' dir='ltr'><strong>Graeciae</strong></span> <span class='ocrx_word' id='word_1_76' title='bbox 502 1451 638 1536; x_wconf 88' lang='lat' dir='ltr'><strong>propior</strong></span> <span class='ocrx_word' id='word_1_77' title='bbox 659 1463 725 1529; x_wconf 84' lang='lat' dir='ltr'><strong>est,</strong></span> <span class='ocrx_word' id='word_1_78' title='bbox 747 1448 828 1510; x_wconf 80' lang='lat' dir='ltr'><strong>&#39;nolo</strong></span> <span class='ocrx_word' id='word_1_79' title='bbox 850 1468 912 1530; x_wconf 89' lang='lat' dir='ltr'><strong>per</strong></span> <span class='ocrx_word' id='word_1_80' title='bbox 932 1450 1078 1514; x_wconf 86' lang='lat' dir='ltr'><strong>inertiam</strong></span> <span class='ocrx_word' id='word_1_81' title='bbox 1099 1452 1154 1515; x_wconf 89' lang='lat' dir='ltr'><strong>dc·</strong></span> 
     </span>
     <span class='ocr_line' id='line_1_12' title="bbox 141 1545 1161 1634; baseline 0.004 -28"><span class='ocrx_word' id='word_1_82' title='bbox 141 1563 273 1624; x_wconf 82' lang='lat' dir='ltr'><strong>serere,</strong></span> <span class='ocrx_word' id='word_1_83' title='bbox 294 1567 366 1609; x_wconf 87' lang='lat' dir='ltr'><strong>cum</strong></span> <span class='ocrx_word' id='word_1_84' title='bbox 382 1550 535 1610; x_wconf 74' lang='lat' dir='ltr'><strong>Threissa</strong></span> <span class='ocrx_word' id='word_1_85' title='bbox 551 1566 647 1628; x_wconf 80' lang='lat' dir='ltr'><strong>gens,</strong></span> <span class='ocrx_word' id='word_1_86' title='bbox 668 1545 812 1630; x_wconf 82' lang='lat' dir='ltr'><strong>quamvis</strong></span> <span class='ocrx_word' id='word_1_87' title='bbox 829 1545 991 1607; x_wconf 83' lang='lat' dir='ltr'><strong>aGrae&#39;eia</strong></span> <span class='ocrx_word' id='word_1_88' title='bbox 1002 1547 1161 1634; x_wconf 82' lang='lat' dir='ltr'><strong>sitmulto</strong></span> 
     </span>
     <span class='ocr_line' id='line_1_13' title="bbox 143 1641 1156 1724; baseline 0 -22"><span class='ocrx_word' id='word_1_89' title='bbox 143 1641 319 1719; x_wconf 76' lang='lat' dir='ltr'><strong>remotior,</strong></span> <span class='ocrx_word' id='word_1_90' title='bbox 340 1664 414 1704; x_wconf 88' lang='lat' dir='ltr'><strong>suos</strong></span> <span class='ocrx_word' id='word_1_91' title='bbox 435 1655 541 1704; x_wconf 88' lang='lat' dir='ltr'><strong>tamen</strong></span> <span class='ocrx_word' id='word_1_92' title='bbox 562 1643 728 1718; x_wconf 79' lang='lat' dir='ltr'><strong>auctores,</strong></span> <span class='ocrx_word' id='word_1_93' title='bbox 748 1641 863 1702; x_wconf 85' lang='lat' dir='ltr'><strong>Linum</strong></span> <span class='ocrx_word' id='word_1_94' title='bbox 876 1654 910 1704; x_wconf 87' lang='lat' dir='ltr'><strong>et</strong></span> <span class='ocrx_word' id='word_1_95' title='bbox 925 1641 1076 1724; x_wconf 72' lang='lat' dir='ltr'><strong>Orphea,</strong></span> <span class='ocrx_word' id='word_1_96' title='bbox 1098 1663 1156 1703; x_wconf 88' lang='lat' dir='ltr'><strong>nu·</strong></span> 
     </span>
     <span class='ocr_line' id='line_1_14' title="bbox 143 1734 1156 1818; baseline 0.002 -21"><span class='ocrx_word' id='word_1_97' title='bbox 143 1746 260 1798; x_wconf 84' lang='lat' dir='ltr'><strong>meret.</strong></span> <span class='ocrx_word' id='word_1_98' title='bbox 292 1738 405 1818; x_wconf 87' lang='lat' dir='ltr'><strong>Neque</strong></span> <span class='ocrx_word' id='word_1_99' title='bbox 427 1734 538 1812; x_wconf 87' lang='lat' dir='ltr'><strong>etiam,</strong></span> <span class='ocrx_word' id='word_1_100' title='bbox 557 1735 715 1796; x_wconf 88' lang='lat' dir='ltr'><strong>iudicante</strong></span> <span class='ocrx_word' id='word_1_101' title='bbox 733 1738 848 1799; x_wconf 85' lang='lat' dir='ltr'><strong>eodem</strong></span> <span class='ocrx_word' id='word_1_102' title='bbox 857 1738 927 1800; x_wconf 79' lang='lat' dir='ltr'><strong>viro</strong></span> <span class='ocrx_word' id='word_1_103' title='bbox 942 1737 1056 1816; x_wconf 89' lang='lat' dir='ltr'><strong>docto,</strong></span> <span class='ocrx_word' id='word_1_104' title='bbox 1074 1750 1156 1801; x_wconf 88' lang='lat' dir='ltr'><strong>tem·</strong></span> 
     </span>
     <span class='ocr_line' id='line_1_15' title="bbox 142 1830 1157 1916; baseline 0.003 -27"><span class='ocrx_word' id='word_1_105' title='bbox 142 1830 279 1916; x_wconf 85' lang='lat' dir='ltr'><strong>poribus</strong></span> <span class='ocrx_word' id='word_1_106' title='bbox 300 1831 371 1891; x_wconf 92' lang='lat' dir='ltr'><strong>Lini</strong></span> <span class='ocrx_word' id='word_1_107' title='bbox 400 1843 432 1893; x_wconf 91' lang='lat' dir='ltr'><strong>et</strong></span> <span class='ocrx_word' id='word_1_108' title='bbox 454 1831 581 1912; x_wconf 87' lang='lat' dir='ltr'><strong>Orphei</strong></span> <span class='ocrx_word' id='word_1_109' title='bbox 603 1830 820 1892; x_wconf 88' lang='lat' dir='ltr'><strong>Macedoniam</strong></span> <span class='ocrx_word' id='word_1_110' title='bbox 848 1831 1003 1892; x_wconf 88' lang='lat' dir='ltr'><strong>Thraciae</strong></span> <span class='ocrx_word' id='word_1_111' title='bbox 1031 1843 1157 1912; x_wconf 85' lang='lat' dir='ltr'><strong>partem</strong></span> 
     </span>
     <span class='ocr_line' id='line_1_16' title="bbox 143 1923 1157 2006; baseline -0.005 -16"><span class='ocrx_word' id='word_1_112' title='bbox 143 1926 246 1990; x_wconf 79' lang='lat' dir='ltr'><strong>fuisse</strong></span> <span class='ocrx_word' id='word_1_113' title='bbox 266 1925 402 1989; x_wconf 87' lang='lat' dir='ltr'><strong>credidit</strong></span> <span class='ocrx_word' id='word_1_114' title='bbox 422 1924 632 1987; x_wconf 87' lang='lat' dir='ltr'><strong>Diodorus</strong></span> <span class='ocrx_word' id='word_1_115' title='bbox 653 1923 830 1986; x_wconf 79' lang='lat' dir='ltr'><strong>Siculus.</strong></span> <span class='ocrx_word' id='word_1_116' title='bbox 868 1925 898 1986; x_wconf 90' lang='lat' dir='ltr'><strong>Is</strong></span> <span class='ocrx_word' id='word_1_117' title='bbox 920 1925 1023 2006; x_wconf 87' lang='lat' dir='ltr'><strong>euim,</strong></span> <span class='ocrx_word' id='word_1_118' title='bbox 1043 1924 1071 2004; x_wconf 88' lang='lat' dir='ltr'><strong>l)</strong></span> <span class='ocrx_word' id='word_1_119' title='bbox 1091 1926 1157 1985; x_wconf 86' lang='lat' dir='ltr'><strong>Ma·</strong></span> 
     </span>
    </p>
   </div>
   <div class='ocr_carea' id='block_1_3' title="bbox 93 2017 1157 2392">
    <p class='ocr_par' dir='ltr' id='par_1_3' title="bbox 93 2017 1157 2392">
     <span class='ocr_line' id='line_1_17' title="bbox 144 2017 1157 2108; baseline -0.001 -25"><span class='ocrx_word' id='word_1_120' title='bbox 144 2021 315 2100; x_wconf 84' lang='lat' dir='ltr'><strong>cedonem,</strong></span> <span class='ocrx_word' id='word_1_121' title='bbox 336 2043 354 2081; x_wconf 87' lang='lat' dir='ltr'><strong>a</strong></span> <span class='ocrx_word' id='word_1_122' title='bbox 369 2031 463 2102; x_wconf 84' lang='lat' dir='ltr'><strong>patre</strong></span> <span class='ocrx_word' id='word_1_123' title='bbox 479 2040 538 2081; x_wconf 87' lang='lat' dir='ltr'><strong>suo</strong></span> <span class='ocrx_word' id='word_1_124' title='bbox 553 2020 684 2083; x_wconf 88' lang='lat' dir='ltr'><strong>Osiride</strong></span> <span class='ocrx_word' id='word_1_125' title='bbox 698 2017 774 2080; x_wconf 90' lang='lat' dir='ltr'><strong>huie</strong></span> <span class='ocrx_word' id='word_1_126' title='bbox 788 2020 915 2102; x_wconf 82' lang='lat' dir='ltr'><strong>regioni</strong></span> <span class='ocrx_word' id='word_1_127' title='bbox 927 2019 1157 2108; x_wconf 82' lang='lat' dir='ltr'><strong>praepositum,</strong></span> 
     </span>
     <span class='ocr_line' id='line_1_18' title="bbox 144 2113 1157 2197; baseline 0.002 -20"><span class='ocrx_word' id='word_1_128' title='bbox 144 2117 362 2194; x_wconf 83' lang='lat' dir='ltr'><strong>Macedoniae,</strong></span> <span class='ocrx_word' id='word_1_129' title='bbox 384 2127 455 2178; x_wconf 90' lang='lat' dir='ltr'><strong>ante</strong></span> <span class='ocrx_word' id='word_1_130' title='bbox 468 2115 540 2176; x_wconf 84' lang='lat' dir='ltr'><strong>Lini</strong></span> <span class='ocrx_word' id='word_1_131' title='bbox 551 2125 586 2177; x_wconf 90' lang='lat' dir='ltr'><strong>et</strong></span> <span class='ocrx_word' id='word_1_132' title='bbox 599 2113 725 2196; x_wconf 89' lang='lat' dir='ltr'><strong>Orphei</strong></span> <span class='ocrx_word' id='word_1_133' title='bbox 737 2123 902 2197; x_wconf 89' lang='lat' dir='ltr'><strong>tempora,</strong></span> <span class='ocrx_word' id='word_1_134' title='bbox 921 2136 1038 2179; x_wconf 88' lang='lat' dir='ltr'><strong>nomen</strong></span> <span class='ocrx_word' id='word_1_135' title='bbox 1052 2116 1157 2179; x_wconf 85' lang='lat' dir='ltr'><strong>dedis-</strong></span> 
     </span>
     <span class='ocr_line' id='line_1_19' title="bbox 93 2206 1157 2296; baseline -0.003 -21"><span class='ocrx_word' id='word_1_136' title='bbox 93 2267 95 2275; x_wconf 93' lang='lat'><strong>.</strong></span> <span class='ocrx_word' id='word_1_137' title='bbox 144 2231 200 2290; x_wconf 78' lang='lat' dir='ltr'><strong>se,</strong></span> <span class='ocrx_word' id='word_1_138' title='bbox 232 2213 405 2275; x_wconf 87' lang='lat' dir='ltr'><strong>memoriae</strong></span> <span class='ocrx_word' id='word_1_139' title='bbox 429 2213 589 2296; x_wconf 89' lang='lat' dir='ltr'><strong>prodidit,</strong></span> <span class='ocrx_word' id='word_1_140' title='bbox 616 2209 776 2274; x_wconf 87' lang='lat' dir='ltr'><strong>scribens:</strong></span> <span class='ocrx_word' id='word_1_141' title='bbox 812 2207 868 2272; x_wconf 74' lang='lat' dir='ltr'><strong>ads</strong></span> <span class='ocrx_word' id='word_1_142' title='bbox 893 2206 1073 2274; x_wconf 76' lang='grc' dir='ltr'><strong><em>Μακεδόνα</em></strong></span> <span class='ocrx_word' id='word_1_143' title='bbox 1101 2208 1157 2283; x_wconf 77' lang='grc' dir='ltr'><strong>μὲν</strong></span> 
     </span>
     <span class='ocr_line' id='line_1_20' title="bbox 144 2301 1156 2392; baseline 0.008 -30"><span class='ocrx_word' id='word_1_144' title='bbox 144 2301 201 2364; x_wconf 83' lang='grc' dir='ltr'><strong>τὸν</strong></span> <span class='ocrx_word' id='word_1_145' title='bbox 221 2302 292 2367; x_wconf 77' lang='grc' dir='ltr'><em>υἱὸν</em></span> <span class='ocrx_word' id='word_1_146' title='bbox 313 2305 476 2370; x_wconf 73' lang='lat' dir='ltr'><strong>ricciario</strong></span> <span class='ocrx_word' id='word_1_147' title='bbox 497 2306 640 2382; x_wconf 75' lang='grc' dir='ltr'>βασιλέα</span> <span class='ocrx_word' id='word_1_148' title='bbox 660 2306 718 2388; x_wconf 81' lang='grc' dir='ltr'><strong>τῆς</strong></span> <span class='ocrx_word' id='word_1_149' title='bbox 741 2301 790 2366; x_wconf 74' lang='lat' dir='ltr'><strong>a’ri</strong></span> <span class='ocrx_word' id='word_1_150' title='bbox 814 2302 911 2371; x_wconf 69' lang='lat' dir='ltr'><strong>taetro</strong></span> <span class='ocrx_word' id='word_1_151' title='bbox 934 2323 1156 2392; x_wconf 59' lang='grc' dir='ltr'><strong><em>προηγορευ-</em></strong></span> 
     </span>
    </p>
   </div>
   <div class='ocr_carea' id='block_1_4' title="bbox 110 2503 1158 2718">
    <p class='ocr_par' dir='ltr' id='par_1_4' title="bbox 110 2503 1158 2718">
     <span class='ocr_line' id='line_1_21' title="bbox 145 2503 1157 2582; baseline -0.001 -17"><span class='ocrx_word' id='word_1_152' title='bbox 145 2510 215 2565; x_wconf 78' lang='lat' dir='ltr'><strong>liniis</strong></span> <span class='ocrx_word' id='word_1_153' title='bbox 234 2513 410 2568; x_wconf 83' lang='lat' dir='ltr'><strong>Macedoniae</strong></span> <span class='ocrx_word' id='word_1_154' title='bbox 428 2522 454 2568; x_wconf 87' lang='lat' dir='ltr'><strong>et</strong></span> <span class='ocrx_word' id='word_1_155' title='bbox 474 2503 636 2566; x_wconf 81' lang='lat' dir='ltr'><strong>Thessaliae.</strong></span> <span class='ocrx_word' id='word_1_156' title='bbox 664 2513 755 2564; x_wconf 82' lang='lat' dir='ltr'><strong>Facile</strong></span> <span class='ocrx_word' id='word_1_157' title='bbox 772 2513 852 2578; x_wconf 83' lang='lat' dir='ltr'><strong>igitur</strong></span> <span class='ocrx_word' id='word_1_158' title='bbox 868 2513 927 2563; x_wconf 86' lang='lat' dir='ltr'><strong>lieri</strong></span> <span class='ocrx_word' id='word_1_159' title='bbox 942 2515 1047 2582; x_wconf 83' lang='lat' dir='ltr'><strong>potuit,</strong></span> <span class='ocrx_word' id='word_1_160' title='bbox 1065 2521 1095 2562; x_wconf 87' lang='lat' dir='ltr'><strong>ut</strong></span> <span class='ocrx_word' id='word_1_161' title='bbox 1107 2513 1157 2564; x_wconf 84' lang='lat' dir='ltr'><strong>ists</strong></span> 
     </span>
     <span class='ocr_line' id='line_1_22' title="bbox 146 2577 1157 2646; baseline 0.002 -18"><span class='ocrx_word' id='word_1_162' title='bbox 146 2596 225 2630; x_wconf 89' lang='lat' dir='ltr'><strong>mons</strong></span> <span class='ocrx_word' id='word_1_163' title='bbox 243 2581 277 2631; x_wconf 84' lang='lat' dir='ltr'><strong>ab</strong></span> <span class='ocrx_word' id='word_1_164' title='bbox 295 2584 351 2634; x_wconf 88' lang='lat' dir='ltr'><strong>aliis</strong></span> <span class='ocrx_word' id='word_1_165' title='bbox 370 2583 540 2646; x_wconf 86' lang='lat' dir='ltr'><strong>Thessaliae,</strong></span> <span class='ocrx_word' id='word_1_166' title='bbox 561 2581 594 2631; x_wconf 87' lang='lat' dir='ltr'><strong>ab</strong></span> <span class='ocrx_word' id='word_1_167' title='bbox 613 2581 671 2632; x_wconf 89' lang='lat' dir='ltr'><strong>aliis</strong></span> <span class='ocrx_word' id='word_1_168' title='bbox 682 2580 858 2632; x_wconf 79' lang='lat' dir='ltr'><strong>Macedoniae</strong></span> <span class='ocrx_word' id='word_1_169' title='bbox 876 2580 1083 2632; x_wconf 83' lang='lat' dir='ltr'><strong>abscriberctur.</strong></span> <span class='ocrx_word' id='word_1_170' title='bbox 1103 2577 1157 2632; x_wconf 77' lang='lat' dir='ltr'><strong>sad</strong></span> 
     </span>
     <span class='ocr_line' id='line_1_23' title="bbox 110 2647 1158 2718; baseline 0.002 -22"><span class='ocrx_word' id='word_1_171' title='bbox 110 2678 113 2684; x_wconf 92' lang='lat'><em>-</em></span> <span class='ocrx_word' id='word_1_172' title='bbox 146 2647 239 2712; x_wconf 83' lang='lat' dir='ltr'><strong>iugum</strong></span> <span class='ocrx_word' id='word_1_173' title='bbox 258 2649 390 2714; x_wconf 81' lang='lat' dir='ltr'><strong>Pieriam,</strong></span> <span class='ocrx_word' id='word_1_174' title='bbox 410 2651 443 2702; x_wconf 90' lang='lat' dir='ltr'><strong>de</strong></span> <span class='ocrx_word' id='word_1_175' title='bbox 462 2667 516 2718; x_wconf 90' lang='lat' dir='ltr'><strong>quo</strong></span> <span class='ocrx_word' id='word_1_176' title='bbox 535 2650 656 2715; x_wconf 86' lang='lat' dir='ltr'><strong>loquitur</strong></span> <span class='ocrx_word' id='word_1_177' title='bbox 673 2647 824 2711; x_wconf 85' lang='lat' dir='ltr'><strong>Phaedrus,</strong></span> <span class='ocrx_word' id='word_1_178' title='bbox 851 2648 1039 2715; x_wconf 87' lang='lat' dir='ltr'><strong>accipiendum</strong></span> <span class='ocrx_word' id='word_1_179' title='bbox 1057 2665 1107 2718; x_wconf 89' lang='lat' dir='ltr'><strong>pro</strong></span> <span class='ocrx_word' id='word_1_180' title='bbox 1126 2664 1158 2700; x_wconf 85' lang='lat' dir='ltr'><strong>ca</strong></span> 
     </span>
    </p>
   </div>
   <div class='ocr_carea' id='block_1_5' title="bbox 147 2714 1158 2853">
    <p class='ocr_par' dir='ltr' id='par_1_5' title="bbox 147 2714 1158 2853">
     <span class='ocr_line' id='line_1_24' title="bbox 147 2714 1157 2786; baseline -0.001 -22"><span class='ocrx_word' id='word_1_181' title='bbox 147 2716 247 2765; x_wconf 87' lang='lat' dir='ltr'><strong>montis</strong></span> <span class='ocrx_word' id='word_1_182' title='bbox 263 2716 334 2766; x_wconf 88' lang='lat' dir='ltr'><strong>illius</strong></span> <span class='ocrx_word' id='word_1_183' title='bbox 346 2726 436 2786; x_wconf 86' lang='lat' dir='ltr'><strong>parte,</strong></span> <span class='ocrx_word' id='word_1_184' title='bbox 455 2734 522 2784; x_wconf 90' lang='lat' dir='ltr'><strong>quae</strong></span> <span class='ocrx_word' id='word_1_185' title='bbox 533 2717 568 2766; x_wconf 88' lang='lat' dir='ltr'><strong>ad</strong></span> <span class='ocrx_word' id='word_1_186' title='bbox 579 2714 767 2784; x_wconf 87' lang='lat' dir='ltr'><strong>Macedoniam</strong></span> <span class='ocrx_word' id='word_1_187' title='bbox 781 2715 941 2783; x_wconf 84' lang='lat' dir='ltr'><strong>pertinebat.</strong></span> <span class='ocrx_word' id='word_1_188' title='bbox 962 2716 1060 2765; x_wconf 88' lang='lat' dir='ltr'><strong>Scribit</strong></span> <span class='ocrx_word' id='word_1_189' title='bbox 1077 2716 1157 2779; x_wconf 91' lang='lat' dir='ltr'><strong>enim,</strong></span> 
     </span>
     <span class='ocr_line' id='line_1_25' title="bbox 147 2782 1158 2853; baseline 0.002 -23"><span class='ocrx_word' id='word_1_190' title='bbox 147 2798 176 2832; x_wconf 85' lang='lat' dir='ltr'><strong>se</strong></span> <span class='ocrx_word' id='word_1_191' title='bbox 199 2783 333 2835; x_wconf 81' lang='lat' dir='ltr'><strong>litteratae</strong></span> <span class='ocrx_word' id='word_1_192' title='bbox 353 2786 513 2853; x_wconf 87' lang='lat' dir='ltr'><strong>propiorem</strong></span> <span class='ocrx_word' id='word_1_193' title='bbox 536 2800 593 2834; x_wconf 87' lang='lat' dir='ltr'><strong>esse</strong></span> <span class='ocrx_word' id='word_1_194' title='bbox 614 2782 753 2832; x_wconf 86' lang='lat' dir='ltr'><strong>Graeciae.</strong></span> <span class='ocrx_word' id='word_1_195' title='bbox 792 2784 845 2834; x_wconf 90' lang='lat' dir='ltr'><strong>Pcr</strong></span> <span class='ocrx_word' id='word_1_196' title='bbox 872 2799 1039 2848; x_wconf 83' lang='lat' dir='ltr'><strong>consequeus</strong></span> <span class='ocrx_word' id='word_1_197' title='bbox 1065 2783 1158 2832; x_wconf 74' lang='lat' dir='ltr'><strong>suisset</strong></span> 
     </span>
    </p>
   </div>
   <div class='ocr_carea' id='block_1_6' title="bbox 47 2847 1157 2916">
    <p class='ocr_par' dir='ltr' id='par_1_6' title="bbox 47 2847 1157 2916">
     <span class='ocr_line' id='line_1_26' title="bbox 47 2847 1157 2916; baseline 0.004 -20"><span class='ocrx_word' id='word_1_198' title='bbox 47 2875 51 2885; x_wconf 60' lang='grc' dir='ltr'><em>ι</em></span> <span class='ocrx_word' id='word_1_199' title='bbox 149 2848 285 2913; x_wconf 89' lang='lat' dir='ltr'><strong>Graecus,</strong></span> <span class='ocrx_word' id='word_1_200' title='bbox 304 2851 325 2900; x_wconf 93' lang='lat' dir='ltr'><strong>si</strong></span> <span class='ocrx_word' id='word_1_201' title='bbox 344 2853 371 2900; x_wconf 92' lang='lat' dir='ltr'><strong>in</strong></span> <span class='ocrx_word' id='word_1_202' title='bbox 391 2855 489 2913; x_wconf 85' lang='lat' dir='ltr'><strong>altera,</strong></span> <span class='ocrx_word' id='word_1_203' title='bbox 509 2867 577 2916; x_wconf 70' lang='lat' dir='ltr'><strong>quae</strong></span> <span class='ocrx_word' id='word_1_204' title='bbox 595 2847 749 2899; x_wconf 85' lang='lat' dir='ltr'><strong>Thessaliae</strong></span> <span class='ocrx_word' id='word_1_205' title='bbox 765 2857 837 2913; x_wconf 84' lang='lat' dir='ltr'><strong>erat,</strong></span> <span class='ocrx_word' id='word_1_206' title='bbox 856 2849 1157 2902; x_wconf 79' lang='lat' dir='ltr'><strong>natusesset.ot.1)es·</strong></span> 
     </span>
    </p>
   </div>
   <div class='ocr_carea' id='block_1_7' title="bbox 147 2913 994 2987">
    <p class='ocr_par' dir='ltr' id='par_1_7' title="bbox 147 2913 994 2987">
     <span class='ocr_line' id='line_1_27' title="bbox 147 2913 994 2987; baseline -0.001 -21"><span class='ocrx_word' id='word_1_207' title='bbox 147 2913 244 2966; x_wconf 83' lang='lat' dir='ltr'><strong>hillon.</strong></span> <span class='ocrx_word' id='word_1_208' title='bbox 264 2919 353 2968; x_wconf 76' lang='lat' dir='ltr'><strong>Praei.</strong></span> <span class='ocrx_word' id='word_1_209' title='bbox 370 2937 397 2987; x_wconf 90' lang='lat' dir='ltr'><strong>p.</strong></span> <span class='ocrx_word' id='word_1_210' title='bbox 416 2919 449 2969; x_wconf 90' lang='lat' dir='ltr'><strong>V.</strong></span> <span class='ocrx_word' id='word_1_211' title='bbox 470 2927 496 2969; x_wconf 84' lang='lat' dir='ltr'><strong>et</strong></span> <span class='ocrx_word' id='word_1_212' title='bbox 513 2933 582 2984; x_wconf 88' lang='lat' dir='ltr'><strong>quae</strong></span> <span class='ocrx_word' id='word_1_213' title='bbox 600 2925 724 2966; x_wconf 88' lang='lat' dir='ltr'><strong>notamus</strong></span> <span class='ocrx_word' id='word_1_214' title='bbox 743 2917 778 2968; x_wconf 89' lang='lat' dir='ltr'><strong>ad</strong></span> <span class='ocrx_word' id='word_1_215' title='bbox 795 2918 868 2968; x_wconf 88' lang='lat' dir='ltr'><strong>Prol.</strong></span> <span class='ocrx_word' id='word_1_216' title='bbox 887 2917 933 2968; x_wconf 91' lang='lat'><strong>111.</strong></span> <span class='ocrx_word' id='word_1_217' title='bbox 952 2929 994 2968; x_wconf 81' lang='lat' dir='ltr'><strong>ao.</strong></span> 
     </span>
    </p>
   </div>
   <div class='ocr_carea' id='block_1_8' title="bbox 147 2995 1158 3202">
    <p class='ocr_par' dir='ltr' id='par_1_8' title="bbox 147 2995 1158 3202">
     <span class='ocr_line' id='line_1_28' title="bbox 201 2995 1158 3072; baseline 0.008 -26"><span class='ocrx_word' id='word_1_218' title='bbox 201 2995 230 3060; x_wconf 88' lang='lat' dir='ltr'><strong>h)</strong></span> <span class='ocrx_word' id='word_1_219' title='bbox 249 3000 321 3066; x_wconf 84' lang='lat' dir='ltr'><strong>Lege</strong></span> <span class='ocrx_word' id='word_1_220' title='bbox 339 3001 373 3052; x_wconf 87' lang='lat' dir='ltr'><strong>de</strong></span> <span class='ocrx_word' id='word_1_221' title='bbox 391 3001 442 3051; x_wconf 91' lang='lat' dir='ltr'><strong>hac</strong></span> <span class='ocrx_word' id='word_1_222' title='bbox 460 3017 489 3051; x_wconf 89' lang='lat' dir='ltr'><strong>re</strong></span> <span class='ocrx_word' id='word_1_223' title='bbox 509 2999 613 3051; x_wconf 86' lang='lat' dir='ltr'><strong>erudite</strong></span> <span class='ocrx_word' id='word_1_224' title='bbox 627 3000 807 3068; x_wconf 80' lang='lat' dir='ltr'><strong>disputantem</strong></span> <span class='ocrx_word' id='word_1_225' title='bbox 818 2997 1027 3062; x_wconf 77' lang='lat' dir='ltr'><strong>Deshillomism,</strong></span> <span class='ocrx_word' id='word_1_226' title='bbox 1045 3001 1158 3072; x_wconf 81' lang='lat' dir='ltr'><strong>inDisp.</strong></span> 
     </span>
     <span class='ocr_line' id='line_1_29' title="bbox 147 3063 1158 3136; baseline 0.006 -22"><span class='ocrx_word' id='word_1_227' title='bbox 147 3063 171 3114; x_wconf 90' lang='lat'><strong>1.</strong></span> <span class='ocrx_word' id='word_1_228' title='bbox 191 3064 225 3116; x_wconf 89' lang='lat' dir='ltr'><strong>de</strong></span> <span class='ocrx_word' id='word_1_229' title='bbox 244 3065 306 3116; x_wconf 90' lang='lat' dir='ltr'><strong>Vita</strong></span> <span class='ocrx_word' id='word_1_230' title='bbox 322 3068 437 3120; x_wconf 87' lang='lat' dir='ltr'><strong>Phaedri</strong></span> <span class='ocrx_word' id='word_1_231' title='bbox 455 3086 485 3136; x_wconf 87' lang='lat' dir='ltr'><strong>p.</strong></span> <span class='ocrx_word' id='word_1_232' title='bbox 501 3067 549 3117; x_wconf 90' lang='lat' dir='ltr'><strong>IV.</strong></span> <span class='ocrx_word' id='word_1_233' title='bbox 568 3085 607 3134; x_wconf 86' lang='lat' dir='ltr'><strong>sq.</strong></span> <span class='ocrx_word' id='word_1_234' title='bbox 624 3067 734 3135; x_wconf 87' lang='lat' dir='ltr'><strong>praefix.</strong></span> <span class='ocrx_word' id='word_1_235' title='bbox 747 3069 786 3117; x_wconf 91' lang='lat' dir='ltr'><strong>Ei.</strong></span> <span class='ocrx_word' id='word_1_236' title='bbox 800 3066 918 3118; x_wconf 88' lang='lat' dir='ltr'><strong>Editioni</strong></span> <span class='ocrx_word' id='word_1_237' title='bbox 929 3067 1052 3119; x_wconf 85' lang='lat' dir='ltr'><strong>Phaedri.</strong></span> <span class='ocrx_word' id='word_1_238' title='bbox 1072 3069 1158 3122; x_wconf 86' lang='lat' dir='ltr'><strong>Thra·</strong></span> 
     </span>
     <span class='ocr_line' id='line_1_30' title="bbox 149 3133 1158 3202; baseline 0.004 -20"><span class='ocrx_word' id='word_1_239' title='bbox 149 3148 210 3182; x_wconf 87' lang='lat' dir='ltr'><strong>cem</strong></span> <span class='ocrx_word' id='word_1_240' title='bbox 228 3133 309 3184; x_wconf 81' lang='lat' dir='ltr'><strong>luisse</strong></span> <span class='ocrx_word' id='word_1_241' title='bbox 327 3136 496 3198; x_wconf 90' lang='lat' dir='ltr'><strong>Phaedrum,</strong></span> <span class='ocrx_word' id='word_1_242' title='bbox 521 3136 574 3184; x_wconf 90' lang='lat' dir='ltr'><strong>iam</strong></span> <span class='ocrx_word' id='word_1_243' title='bbox 600 3143 662 3186; x_wconf 89' lang='lat' dir='ltr'><strong>ante</strong></span> <span class='ocrx_word' id='word_1_244' title='bbox 680 3134 876 3186; x_wconf 87' lang='lat' dir='ltr'><strong>Desbillonium</strong></span> <span class='ocrx_word' id='word_1_245' title='bbox 894 3137 997 3200; x_wconf 80' lang='lat' dir='ltr'><strong>negavit</strong></span> <span class='ocrx_word' id='word_1_246' title='bbox 1018 3137 1158 3202; x_wconf 80' lang='lat' dir='ltr'><strong>Deniseus,</strong></span> 
     </span>
    </p>
   </div>
   <div class='ocr_carea' id='block_1_9' title="bbox 148 3201 1157 3338">
    <p class='ocr_par' dir='ltr' id='par_1_9' title="bbox 148 3201 1157 3338">
     <span class='ocr_line' id='line_1_31' title="bbox 148 3201 1157 3266; baseline 0.008 -20"><span class='ocrx_word' id='word_1_247' title='bbox 148 3201 196 3266; x_wconf 90' lang='lat' dir='ltr'><strong>qui</strong></span> <span class='ocrx_word' id='word_1_248' title='bbox 214 3201 315 3265; x_wconf 83' lang='lat' dir='ltr'><strong>gallicis</strong></span> <span class='ocrx_word' id='word_1_249' title='bbox 333 3203 451 3254; x_wconf 88' lang='lat' dir='ltr'><strong>versibus</strong></span> <span class='ocrx_word' id='word_1_250' title='bbox 469 3201 585 3253; x_wconf 89' lang='lat' dir='ltr'><strong>Phaedri</strong></span> <span class='ocrx_word' id='word_1_251' title='bbox 602 3202 705 3252; x_wconf 82' lang='lat' dir='ltr'><strong>fabulas</strong></span> <span class='ocrx_word' id='word_1_252' title='bbox 724 3201 852 3252; x_wconf 88' lang='lat' dir='ltr'><strong>reddidit.</strong></span> <span class='ocrx_word' id='word_1_253' title='bbox 870 3201 902 3251; x_wconf 93' lang='lat' dir='ltr'><strong>V.</strong></span> <span class='ocrx_word' id='word_1_254' title='bbox 914 3201 1071 3264; x_wconf 69' lang='lat' dir='ltr'><strong>initaVers.</strong></span> <span class='ocrx_word' id='word_1_255' title='bbox 1085 3205 1157 3264; x_wconf 78' lang='lat' dir='ltr'><strong>Gall.</strong></span> 
     </span>
     <span class='ocr_line' id='line_1_32' title="bbox 150 3265 918 3338; baseline 0.007 -22"><span class='ocrx_word' id='word_1_256' title='bbox 150 3281 212 3317; x_wconf 83' lang='lat' dir='ltr'><strong>uun.</strong></span> <span class='ocrx_word' id='word_1_257' title='bbox 236 3269 309 3334; x_wconf 75' lang='lat'><strong>1708.</strong></span> <span class='ocrx_word' id='word_1_258' title='bbox 328 3277 354 3321; x_wconf 90' lang='lat' dir='ltr'><strong>et</strong></span> <span class='ocrx_word' id='word_1_259' title='bbox 371 3271 515 3321; x_wconf 81' lang='lat' dir='ltr'><strong>Memoiree</strong></span> <span class='ocrx_word' id='word_1_260' title='bbox 534 3265 567 3318; x_wconf 83' lang='lat' dir='ltr'><strong>de</strong></span> <span class='ocrx_word' id='word_1_261' title='bbox 586 3267 716 3321; x_wconf 75' lang='lat' dir='ltr'><strong>Trevoux</strong></span> <span class='ocrx_word' id='word_1_262' title='bbox 733 3268 761 3321; x_wconf 88' lang='lat' dir='ltr'><strong>d.</strong></span> <span class='ocrx_word' id='word_1_263' title='bbox 780 3285 803 3321; x_wconf 76' lang='lat' dir='ltr'><strong>a.</strong></span> <span class='ocrx_word' id='word_1_264' title='bbox 820 3285 848 3338; x_wconf 78' lang='lat' dir='ltr'><strong>p.</strong></span> <span class='ocrx_word' id='word_1_265' title='bbox 859 3281 918 3337; x_wconf 62' lang='lat'><strong>790·-</strong></span> 
     </span>
    </p>
   </div>
   <div class='ocr_carea' id='block_1_10' title="bbox 200 3350 888 3596">
    <p class='ocr_par' dir='ltr' id='par_1_10' title="bbox 200 3350 888 3596">
     <span class='ocr_line' id='line_1_33' title="bbox 202 3350 634 3422; baseline 0.005 -20"><span class='ocrx_word' id='word_1_266' title='bbox 202 3350 223 3422; x_wconf 91' lang='lat' dir='ltr'><strong>i)</strong></span> <span class='ocrx_word' id='word_1_267' title='bbox 242 3353 316 3403; x_wconf 89' lang='lat' dir='ltr'><strong>Prol.</strong></span> <span class='ocrx_word' id='word_1_268' title='bbox 334 3355 365 3404; x_wconf 81' lang='lat'><strong>1..</strong></span> <span class='ocrx_word' id='word_1_269' title='bbox 383 3353 429 3404; x_wconf 90' lang='grc' dir='ltr'><strong>ΠΙ.</strong></span> <span class='ocrx_word' id='word_1_270' title='bbox 446 3371 470 3404; x_wconf 88' lang='lat' dir='ltr'><strong>v.</strong></span> <span class='ocrx_word' id='word_1_271' title='bbox 488 3351 522 3420; x_wconf 78' lang='grc'><strong>54</strong></span> <span class='ocrx_word' id='word_1_272' title='bbox 540 3380 575 3398; x_wconf 88' lang='lat'><strong>-·</strong></span> <span class='ocrx_word' id='word_1_273' title='bbox 591 3355 634 3420; x_wconf 76' lang='lat'><strong>57·</strong></span> 
     </span>
     <span class='ocr_line' id='line_1_34' title="bbox 200 3436 488 3508; baseline 0.007 -20"><span class='ocrx_word' id='word_1_274' title='bbox 200 3436 231 3506; x_wconf 82' lang='lat' dir='ltr'><strong>k)</strong></span> <span class='ocrx_word' id='word_1_275' title='bbox 251 3437 313 3488; x_wconf 92' lang='lat' dir='ltr'><strong>Vid.</strong></span> <span class='ocrx_word' id='word_1_276' title='bbox 331 3437 353 3488; x_wconf 91' lang='lat'><strong>1.</strong></span> <span class='ocrx_word' id='word_1_277' title='bbox 373 3455 397 3490; x_wconf 89' lang='lat' dir='ltr'><strong>c.</strong></span> <span class='ocrx_word' id='word_1_278' title='bbox 414 3455 441 3508; x_wconf 86' lang='lat' dir='ltr'><strong>p.</strong></span> <span class='ocrx_word' id='word_1_279' title='bbox 465 3456 488 3490; x_wconf 86' lang='lat' dir='ltr'><strong>v.</strong></span> 
     </span>
     <span class='ocr_line' id='line_1_35' title="bbox 201 3517 888 3596; baseline 0 -22"><span class='ocrx_word' id='word_1_280' title='bbox 201 3517 223 3587; x_wconf 92' lang='lat' dir='ltr'><strong>l)</strong></span> <span class='ocrx_word' id='word_1_281' title='bbox 244 3522 275 3574; x_wconf 87' lang='lat' dir='ltr'><strong>T·</strong></span> <span class='ocrx_word' id='word_1_282' title='bbox 293 3520 315 3572; x_wconf 89' lang='lat'><strong>1.</strong></span> <span class='ocrx_word' id='word_1_283' title='bbox 333 3519 364 3572; x_wconf 83' lang='lat' dir='ltr'><strong>C.</strong></span> <span class='ocrx_word' id='word_1_284' title='bbox 381 3535 423 3576; x_wconf 81' lang='lat' dir='ltr'><strong>ao.</strong></span> <span class='ocrx_word' id='word_1_285' title='bbox 442 3539 470 3592; x_wconf 81' lang='lat' dir='ltr'><strong>p·</strong></span> <span class='ocrx_word' id='word_1_286' title='bbox 485 3524 528 3577; x_wconf 76' lang='lat'><strong>23.</strong></span> <span class='ocrx_word' id='word_1_287' title='bbox 548 3522 618 3578; x_wconf 85' lang='lat' dir='ltr'><strong>Edit.</strong></span> <span class='ocrx_word' id='word_1_288' title='bbox 636 3523 794 3596; x_wconf 71' lang='lat' dir='ltr'><strong>wesseling.</strong></span> <span class='ocrx_word' id='word_1_289' title='bbox 885 3524 888 3534; x_wconf 63' lang='lat'>¹</span> 
     </span>
    </p>
   </div>
   <div class='ocr_carea' id='block_1_11' title="bbox 0 0 1357 3978">
    <p class='ocr_par' dir='ltr' id='par_1_11' title="bbox 0 0 1357 3978">
     <span class='ocr_line' id='line_1_36' title="bbox 0 0 1357 3978; baseline 0 0"><span class='ocrx_word' id='word_1_290' title='bbox 0 0 1357 3978; x_wconf 95' lang='lat' dir='ltr'><strong> </strong></span> 
     </span>
    </p>
   </div>
  </div>
 </body>
</html>
