2678 3978
207 475 226 536 6
518 475 666 526 rtrnnnrn
689 477 889 520 ruennunuu

207 637 353 715 Aesopus
374 629 466 694 nobis
487 629 550 689 hoc
571 623 752 703 exemplum
774 618 925 761 prodidit.
947 631 949 636 ·

248 718 386 775 Tumens
407 709 490 770 inani
510 705 657 789 graculus
679 723 776 783 super
799 701 845 774 ia,
880 721 883 728 ¹

207 797 348 868 Pennas,
368 789 484 872 pavoni
505 806 587 870 qtiae
609 783 812 855 deciderant,
834 778 977 854 sustulit,
1188 778 1211 838 5

185 876 315 957 ‘Seque
338 869 519 933 exornavit:
541 864 656 926 deinde
679 875 881 922 contemnens
903 878 977 918 suos

93 999 97 1006 ·
123 943 125 948 ¹
207 953 379 1014 lmmiscuit
400 971 433 1010 se
456 966 616 1030 pavonum
637 942 781 1004 formoso
804 939 905 1033 gregi.

129 1104 132 1112 ,
207 1029 457 1114 llli‘impudenti
478 1045 596 1108 pennas
619 1023 758 1102 eripiunt
779 1042 846 1097 avr,

208 1116 397 1196 Fugantque
420 1106 543 1168 rostris.
584 1103 667 1162 Male
688 1102 842 1160 mulcatus
864 1098 1012 1181 graculus

207 1195 328 1255 Redire
347 1209 499 1260 maerens
515 1183 622 1265 coepit
644 1183 683 1241 ad
702 1181 1006 1263 'propriumgenusa
1173 1199 1210 1239 ro

208 1277 236 1335 A
258 1295 322 1356 quo
344 1292 379 1331 re
405 1269 491 1328 uisus
513 1265 636 1324 tristem
656 1261 801 1322 sustinuit
820 1273 937 1321 notam.

122 1367 130 1388 ⁸
208 1344 291 1413 Tum
314 1351 369 1434 qui
393 1370 442 1408 am
466 1344 606 1417 axillis,
630 1362 709 1424 quos
729 1341 817 1422 prins
843 1339 1048 1422 despexerat:

210 1435 384 1493 Contentus
408 1425 525 1486 nostris
546 1424 572 1504 si
594 1423 710 1482 fuisses
735 1419 881 1496 sedibus,

208 1515 268 1588 Et,
291 1510 380 1592 quod
399 1518 512 1566 natura
534 1503 684 1578 dederat,
707 1500 859 1562 voluisses
881 1500 963 1582 pati,

208 1595 275 1652 Nec
299 1592 383 1651 illam
404 1597 556 1666 expertus
578 1603 664 1643 esses
686 1581 928 1656 contumeliam,
1174 1577 1213 1638 15

209 1674 276 1733 Nec
298 1671 378 1731 hanc
400 1665 562 1746 repulsam
585 1676 639 1723 tua
662 1661 794 1723 sentiret
814 1661 984 1723 calamitas.

613 1802 808 1816 .—

633 1913 708 1960 ΜΒ.
732 1898 785 1961 IV.

269 2039 273 2050 ’
375 2039 477 2090 CANIS
496 2037 560 2086 PER
578 2033 735 2084 FLUVIUM
753 2032 894 2081 CARNEM
909 2033 930 2082 F
932 2033 1047 2082 ERENS.

212 2160 337 2223 Amittit
356 2158 471 2218 merito
493 2154 685 2236 proprium‚‚
698 2151 753 2233 qui
774 2150 909 2210 alienum
931 2153 1061 2234 appetit.

254 2240 345 2300 Canis
368 2235 585 2318 putamen,
607 2251 735 2292 carnem
756 2230 830 2290 dum
852 2230 972 2307 ferret,
992 2243 1118 2309 natans,

183 2369 187 2375 ,
213 2320 428 2400 Lympharum
449 2319 481 2390 in
505 2313 641 2395 speculo
659 2311 739 2372 vidit
762 2311 963 2370 simulacrum
985 2334 1092 2372 suuma
1138 2327 1143 2334 ·

213 2401 381 2482 Aliamque
402 2393 554 2477 praedam
576 2393 615 2453 ab
638 2392 697 2451 alio
720 2390 801 2450 ferri
821 2403 953 2471 putans,

212 2480 350 2562 Eripere
370 2475 471 2537 voluit
479 2496 487 2551 3
510 2495 623 2535 verum
648 2474 783 2564 decepta
805 2470 954 2547 aviditas,

213 2563 272 2634 Et,
294 2579 388 2642 quem
410 2554 539 2616 tenebat
561 2573 635 2627 ore,
657 2551 773 2612 dimisit
796 2550 920 2625 cibum,
1022 2575 1028 2580 ·
1090 2614 1093 2620 p

213 2642 299 2718 Nec,
321 2658 417 2722 quem
436 2633 568 2716 petebat
576 2678 586 2710 ‚,
610 2633 691 2692 adeo
711 2630 817 2712 potuit
839 2631 1006 2712 attingere.
1129 2679 1133 2690 s
1160 2627 1164 2631 ’

622 2769 807 2784 *⁸-

647 2874 722 2916 ΕΑΒ.
746 2855 786 2918 V.

431 2985 565 3052 vacco,
586 2984 756 3048 curuum,
776 2983 857 3033 ovis
873 2983 918 3032 nr
937 2959 1015 3034 uno.
1038 2995 1044 3000 ·

216 3101 383 3180 Nunquam
405 3111 454 3160 est
475 3096 577 3159 tidelis
602 3118 673 3159 cnm
693 3107 827 3177 potente
848 3094 998 3156 societas:

217 3181 367 3238 Testatur
385 3178 465 3240 haec
485 3179 602 3240 fabella
623 3177 824 3258 propositum
844 3195 961 3237 meum.

224 3307 412 3320 n...—

267 3373 338 3423 Fut.
353 3373 409 3436 tv,
425 3390 454 3422 v.
475 3371 500 3437 4.
518 3373 589 3423 Pith.
609 3373 693 3424 edidit
710 3370 910 3443 perfer-r1';alii
929 3368 1045 3420 editores
1064 3372 1143 3422 aliter
1160 3386 1217 3419 me·

217 3448 261 3490 tro
279 3442 492 3492 subveniendum
512 3450 646 3507 putarunt.
666 3443 706 3492 Cf.
726 3441 835 3491 Desbill.
855 3437 889 3487 nd
908 3439 1010 3488 calcem
1031 3439 1055 3488 h.
1077 3438 1119 3488 ed.
1138 3465 1172 3474 -
1189 3455 1218 3488 v.

218 3508 437 3646 gegpdgdkgzeo
454 3509 556 3578 potuit.
575 3510 669 3575 Rigalt.
696 3510 723 3558 in
741 3507 790 3558 Ed.
811 3523 835 3556 a.
852 3505 1015 3603 transposuit
1037 3507 1130 3575 potuit
1147 3503 1218 3556 adeo
