2610 4002
392 514 457 562 urr-
474 495 526 576 Y,
547 517 625 560 rus.
650 505 758 574 n-ti

71 651 267 744 Respondit:
289 657 416 719 Mecum
435 655 531 720 facile
554 657 655 720 redeo
676 660 708 722 in
729 663 879 743 gratiam,

72 733 158 810 Quia
181 755 244 794 non
265 734 365 798 fuisse
389 749 527 799 mentem
548 739 694 801 laedendi
715 742 797 818 seio,

72 811 138 870 Sed
159 826 209 887 te,
231 817 404 898 contempti
426 819 551 901 generis
573 821 683 882 animal
704 821 902 904 improbum,

72 892 165 978 Quae
187 893 354 956 delectaris
375 897 494 960 hibere
509 897 678 962 humanum
698 923 751 962 sen
774 903 896 982 uinem,

71 977 193 1056 Optem
212 995 344 1052 necare,
369 978 421 1038 vel
442 979 561 1040 maiore
582 925 793 1044 incommodo.

112 1057 184 1114 Hoc
207 1069 424 1138 argumentum
446 1059 568 1120 veniam
590 1060 619 1120 ei
641 1062 709 1122 dari
730 1063 840 1140 docet,

72 1135 138 1214 Qui
157 1157 232 1196 casu
252 1149 374 1228 pepcat.
390 1141 493 1200 :Nam
516 1141 571 1224 qui
594 1143 726 1203 consilio
748 1155 796 1204 est
818 1163 953 1223 nocens,

70 1217 165 1278 Illum
185 1238 255 1279 esse
275 1219 417 1300 quamvis
438 1218 568 1303 dignum
589 1241 694 1304 poena
714 1224 831 1288 iudico.

374 1393 377 1402 ,
465 1383 681 1400 m*

489 1532 565 1576 run.
593 1517 648 1583 tv.

365 1649 495 1703 nono
522 1611 590 1702 nr
616 1651 787 1705 nsmus
839 1721 841 1730 Ι

26 1761 28 1766 ’
72 1767 212 1870 Quidam
232 1770 426 1834 immolasset
446 1792 574 1834 verrem
597 1793 694 1856 quum
718 1785 825 1840 sancto
847 1777 998 1858 Herculi,
1057 1745 1063 1752 l

72 1855 133 1910 Lus
174 1870 212 1909 ro
233 1853 331 1914 salute
356 1865 467 1914 votum
489 1851 626 1913 debebat
647 1875 719 1934 sue,
811 1907 815 1916 .
986 1881 987 1886 ’

71 1871 183 1992 Asello
203 1930 295 1993 iussit
315 1933 463 2028 reliquias
480 1932 560 2030 poni
581 1932 704 1996 hordei.

106 2027 215 2071 nasas
239 2024 366 2074 ernatus
387 2015 441 2075 1lle
463 2033 507 2075 sne
529 2012 656 2075 locutus
678 2027 743 2079 est:

71 2089 179 2151 'lirum
200 2033 337 2153 hlsentrr
356 2116 488 2179 prorsus
508 2105 702 2176 appeterem¹
716 2095 839 2176 cibum,
1049 2097 1070 2162 5

71 2172 168 2247 Nisi,
182 2173 237 2256 qui
256 2174 394 2236 nutritus
413 2176 470 2236 illo
493 2185 557 2252 est,
578 2174 737 2257 iugulatus
758 2177 858 2242 foret.

113 2254 219 2314 Huius
240 2269 389 2336 respectu
409 2254 538 2317 fabulae
563 2254 753 2336 deterritus,

71 2333 293 2398 Periculosum
317 2355 444 2417 semper
467 2335 614 2417 reputavi
633 2337 769 2399 lucrum.

72 2415 141 2477 Sed
162 2414 255 2490 dicis,
277 2414 331 2500 qui
351 2436 489 2555 rapuere
511 2415 653 2490 divitias,
671 2415 797 2479 habent.

72 2500 300 2574 Numeremus,
325 2516 383 2578 age
406 2516 478 2572 um,
501 2494 556 2578 qui
576 2493 726 2577 deprensi
744 2497 919 2580 perierint:
1035 2517 1070 2558 ιο

72 2734 229 2786 Emendavit
247 2733 342 2799 Rigalt.
359 2733 413 2784 Sed
432 2734 459 2784 in
478 2735 547 2786 Cod.
562 2737 667 2788 Perott.
686 2753 794 2806 quoque
813 2751 828 2786 n
845 2735 974 2790 lnnnellio
994 2739 1069 2790 edito

74 2806 124 2874 qni
141 2802 291 2854 addideris.
308 2829 343 2840 —
359 2818 388 2851 v.
407 2817 431 2868 7.
448 2801 516 2854 Cod.
533 2806 635 2856 Perolt.
660 2814 730 2856 teste
753 2807 884 2857 Iannellio
911 2808 980 2856 Num
1003 2825 1068 2856 ιιοιι.

72 2900 104 2912 -
123 2889 154 2922 v.
174 2889 212 2923 ιι.
233 2870 302 2923 cod.
320 2869 389 2921 Pith.
407 2877 435 2922 et
451 2871 525 2922 Rem.
545 2874 647 2924 veniam
666 2874 749 2936 dari,·
775 2873 879 2925 addidit
902 2876 994 2942 Rigalt.
1021 2892 1068 2925 vo-

73 2943 184 2993 remei.
203 2939 351 2994 Desbillon.
371 2941 447 2990 venia
466 2939 577 2992 donari.
603 2969 635 2981 --
659 2960 688 2994 v.
717 2955 755 2993 ια.
780 2959 861 3012 quiam
888 2945 938 3013 qni
953 2944 1069 2994 consilio

75 3009 164 3068 Codd.
182 3007 253 3061 Pith.
272 3016 299 3060 et
315 3009 389 3057 Rem.
409 3007 563 3060 Emendavit
578 3011 670 3077 Rigalt.
694 3039 725 3048 —
747 3027 776 3060 v.
797 3007 835 3061 13.
855 3011 908 3062 Pro
935 3011 1069 3080 quamdis,

74 3077 147 3143 quod
166 3075 254 3130 Codd.
273 3077 363 3127 serunt
377 3075 563 3128 llittershusius
581 3081 702 3147 reposuit
714 3081 809 3150 quavis
822 3079 943 3146 plurimis
956 3097 1069 3147 sequen·

73 3145 153 3196 tibus.
172 3144 226 3197 Sed
245 3145 286 3195 Ci.
305 3144 423 3199 Schweb.
446 3145 571 3196 Ceterum
589 3155 644 3199 tres
661 3148 791 3216 postremi
810 3147 915 3200 fabulae
935 3164 1025 3198 versus
1041 3150 1068 3200 ln

75 3213 142 3264 Cod.
162 3216 264 3266 Perott.
283 3213 387 3264 desunt.
678 3237 679 3247 ι

81 3339 84 3345 ,
122 3282 190 3332 rae.
209 3281 263 3344 w,
281 3298 310 3330 v.
329 3283 353 3334 5.
366 3280 494 3331 eneam
512 3269 591 3332 se...
606 3282 786 3334 eonpemn.
800 3297 874 3332 -υ,
887 3282 912 3332 s.
928 3281 1068 3331 meone.

76 3357 102 3399 et
121 3352 223 3416 primae
234 3345 302 3399 Edd.
320 3349 374 3401 Sed
382 3351 476 3416 Rigalt.
495 3351 522 3400 in
534 3351 584 3401 Ed.
603 3352 637 3400 ΙΙ.
656 3369 688 3402 ex
706 3352 812 3418 ingenio
833 3349 908 3402 dedit
924 3351 1008 3400 vitavi
1018 3366 1068 3416 pro

77 3421 217 3485 reputavi,
242 3433 320 3484 quem
338 3419 446 3488 plurimi
464 3419 548 3470 secuti
568 3427 636 3469 sunt.
653 3441 689 3486 *7
706 3437 735 3470 v.
757 3431 796 3470 10.
814 3418 883 3470 Edd.
902 3419 958 3468 sere
977 3433 1069 3467 omnes

15 3495 17 3500 ·
76 3488 214 3552 perierint.
235 3485 289 3537 Sed
307 3488 376 3540 Cod.
394 3486 464 3540 Pith.
477 3488 632 3558 perierunt.
649 3519 682 3530 -·
699 3488 878 3559 Epimythium
892 3486 1068 3538 indenversu

78 3567 102 3617 7.
119 3554 195 3608 deest
212 3557 240 3606 in
259 3550 330 3610 Cod.
346 3559 447 3611 Perott.
