2678 3978
210 482 285 550 XIV
307 528 310 532 .
590 485 668 532 vrrs
689 480 848 534 ruerunt,
932 450 934 454 ’

211 643 289 720 lam,
305 639 382 702 vivo
406 633 520 700 Seiano
542 643 575 693 et
594 626 748 704 florente,
777 621 858 684 dnos
883 620 1009 703 priores
1036 613 1221 678 fabularum

125 803 127 812 ,
210 735 310 798 libros
325 732 364 799 in
384 733 490 792 lucem
512 725 625 801 emisit.
666 726 738 786 Non
760 719 843 780 enim
862 738 956 778 unam
976 715 1149 776 alteramve
1169 708 1220 770 fa-

211 833 319 895 bulam
337 829 396 892 sibi
417 828 587 911 amicisque
608 819 729 880 tantum
744 811 961 894 composuisse
981 805 1058 868 mihi
1077 805 1220 883 videtur,

211 934 359 1000 traditam
383 923 498 986 deinde
518 921 550 980 in
573 935 681 978 manus
699 904 924 981 multitudinis,
953 922 1034 984 quae
1065 914 1113 963 est
1135 903 1220 962 Des-

213 1026 335 1090 billouii
356 1017 518 1083 sententia.
538 1013 575 1094 h)
617 1013 760 1090 Namque
781 1021 846 1062 non
866 1019 928 1059 una
944 998 1067 1060 ratione
1085 998 1222 1060 inducor

214 1123 254 1186 ad
275 1115 500 1188 credendum,
517 1105 699 1168 Phaedrum
722 1097 884 1180 scripsisse
907 1092 1050 1156 omnibus
1071 1115 1135 1156 non
1159 1095 1222 1155 sin.

215 1219 314 1304 gulis,
333 1225 369 1273 ut
388 1208 569 1270 luculenter
591 1199 753 1264 docebunt
774 1191 946 1276 sequentia.
984 1191 1103 1252 Contra
1123 1189 1222 1252 facile

215 1312 346 1376 admitto
366 1304 580 1366 coniecturam
599 1292 768 1368 Brotierii,
790 1289 924 1350 maxime
944 1285 1145 1363 Deshillonii,
1165 1286 1224 1371 qui

215 1430 279 1478 non
305 1406 371 1466 sine
400 1417 493 1460 causa
512 1397 680 1468 statuunt,
709 1387 797 1448 Libri
823 1385 917 1467 primi
943 1383 1083 1445 fabulam
1100 1385 1154 1449 VI.
1178 1383 1223 1446 de

147 1533 151 1538 ·
216 1505 293 1566 Sole
315 1513 348 1562 et
360 1495 456 1558 Ranis
469 1492 509 1553 ad
524 1487 672 1552 invidiam
688 1483 801 1545 Seiano
817 1481 994 1542 faciendam
1013 1477 1224 1561 pertinuisse3

217 1599 304 1685 quod
324 1594 462 1668 Liviam,
489 1588 556 1649 sive
580 1582 742 1664 Liuillam,
769 1580 870 1639 Drusi
884 1578 1019 1640 Neronis
1041 1571 1225 1634 Germanici

216 1695 328 1771 filiam,
351 1689 445 1765 Caio,
466 1682 603 1767 Augusti
621 1677 748 1761 nepoti,
768 1693 845 1735 mox
859 1675 982 1749 Druso,
1004 1667 1124 1730 Tiberii
1144 1665 1225 1747 filio,

216 1803 364 1874 nuptam,
396 1805 488 1846 ausus
510 1792 595 1843 esset
614 1795 752 1860 uxorem
769 1771 828 1832 sibi
841 1759 1028 1849 postulare,
1048 1766 1073 1847 i)
1103 1777 1136 1826 et
1159 1765 1228 1854 ,ista

218 1887 387 1950 ambitione
408 1894 473 1942 tam
493 1875 640 1939 insolenti
654 1870 743 1952 vulgi
764 1885 944 1941 rumorem,
973 1863 1080 1924 odium
1107 1881 1226 1946 proce.

216 2005 305 2060 rum,
326 1977 447 2040 Tiberii
466 1972 563 2054 ipsius
584 1969 778 2052 suspiciones
801 1959 977 2023 excitasset.
1020 1959 1123 2039 Quam
1153 1976 1228 2016 sen.

217 2079 348 2142 tentiam
365 2074 425 2134 hac
445 2068 540 2130 video
562 2066 618 2125 niti
632 2057 911 2144 interpretatione:
924 2053 959 2134 lt)
983 2054 1123 2116 »Liviam
1135 2051 1226 2114 adul-

218 2172 301 2238 terio
330 2176 521 2249 corruperat
550 2161 700 2234 Seianus,
729 2152 998 2236 per'p'uleratque,
1026 2164 1062 2212 ut
1080 2153 1226 2212 Drusum

218 2272 384 2341 maritum,
404 2259 527 2322 Tiberii
547 2254 665 2334 filium,
684 2253 711 2332 l)
734 2269 858 2312 veneno
880 2248 950 2307 tolli
971 2248 1105 2308 sineret:
1127 2257 1226 2328 atque

145 2401 155 2411 ·
220 2360 312 2426 ambo
333 2368 557 2440 speraverant,
584 2373 707 2413 moram
738 2366 863 2410 omnem
890 2342 989 2404 fuisse
1011 2343 1073 2407 hoc
1098 2342 1226 2404 scelere

220 2457 391 2532 sublatam,
414 2451 593 2537 quominus
608 2446 750 2508 celebres
770 2439 884 2499 fierent
904 2440 1049 2520 nuptiae:
1072 2453 1103 2500 at
1117 2458 1227 2518 ranae,

220 2557 338 2632 idest,
359 2550 526 2612 universae
546 2543 683 2606 familiae
704 2540 883 2609 Romanae,
912 2555 1045 2616 quarum
1066 2533 1139 2611 Sol,
1167 2533 1226 2594 Se-

220 2651 326 2727 ianus,
351 2665 459 2708 omnes
479 2642 584 2716 lacus,
604 2639 637 2699 id
658 2645 723 2707 est,
745 2648 852 2690 omnes
874 2629 986 2690 domos
1008 2629 1228 2706 exhauriebat,

221 2720 1227 2824 Wmfiaefffflmmffimfflfflmmmfflmmm

213 2853 354 2916 rerunt,
369 2849 405 2897 ut
420 2833 577 2896 nefarium
596 2827 756 2906 inceptum
777 2816 999 2878 disturbaret.»
1023 2817 1095 2908 Qua
1116 2816 1226 2878 sabula

222 2938 323 3013 lecta,
352 2929 519 2994 excanduit
540 2926 670 2987 Seianus
698 2920 730 2980 in
748 2916 918 2992 ultionem,
948 2933 1084 2998 cumque
1102 2912 1226 2976 intelle.

223 3033 338 3109 xissct,
364 3029 548 3092 Phaedrum
576 3018 685 3085 fabula
713 3013 782 3077 Lib.
804 3013 827 3072 Ι.
848 3029 877 3074 ιι.
901 3009 941 3072 de
968 3009 1083 3090 Ranis,
1114 3025 1227 3089 regem

239 3182 432 3198 Μ

276 3271 292 3322 h
323 3266 459 3336 Disp.cit.
477 3281 504 3334 p.
522 3265 556 3320 X.

278 3359 286 3406 i
319 3354 408 3406 Tacit.
427 3351 522 3402 Annal.
538 3347 598 3400 Lib.
617 3342 664 3402 IV.
682 3342 745 3412 Cap·
764 3339 805 3407 39·
824 3335 867 3405 4ο.

279 3436 309 3505 k)
327 3433 510 3485 Desbillour'us
525 3435 544 3482 l.
564 3449 587 3482 c.
606 3448 633 3499 p.
652 3429 686 3478 X.

279 3519 300 3587 l)
319 3518 384 3574 Tac·
402 3518 421 3573 1.
440 3534 463 3571 c.
485 3517 551 3586 Cap.
569 3517 592 3568 ³.
610 3517 636 3566 8.
654 3513 714 3570 coll.
735 3507 887 3577 Cap-9·-
906 3521 947 3558 ιι.
