2678 3978
453 479 518 522 cm.
540 464 570 542 1,
591 481 667 524 ran.
687 463 790 524 2-3.

130 615 268 682 Omnino
292 620 422 684 insuetis
443 645 521 686 onus
532 622 557 761 ,Β
580 632 614 682 et
635 621 815 701 coepissent
837 623 945 705 queri:

128 697 276 780 Aesopus
295 702 392 762 talem
415 716 482 765 tum
502 704 535 764 l'a
561 701 654 762 elltuu
674 701 794 760 retulit.

167 781 291 858 Ranae,
313 795 462 864 vagantes
483 783 592 844 liberis
614 780 798 862 paludibus,

128 858 276 920 Clamore
297 883 411 944 magno
432 884 543 946 regem
564 861 688 943 petiere
712 882 729 920 a
753 863 848 937 love,

125 937 193 1077 gui
215 939 387 1003 dissolutos
407 963 514 1004 mores
537 945 568 1005 vi
591 961 663 1002 com
687 953 821 1001 esceret.

155 1030 224 1079 ater
245 1020 392 1082 Deorum
412 1023 497 1097 risit,
518 1036 613 1106 atque
635 963 695 1080 illis
718 1021 807 1080 dedit

124 1099 264 1176 Parvum
283 1100 435 1184 tigillum,
455 1103 585 1164 missum
607 1101 695 1184 quod
716 1101 823 1164 subito
845 1102 933 1162 vadis

123 1180 216 1238 Motu
237 1201 381 1265 sonoque
404 1183 521 1244 terruit
540 1182 691 1266 pavidum
712 1201 822 1263 genus.
844 1257 849 1260 -
915 1219 917 1224 ,

123 1260 198 1326 Hoc
219 1280 357 1322 mersum
378 1262 453 1326 limo
475 1286 573 1347 quum
594 1264 710 1322 lateret
732 1260 866 1334 (liutius,

122 1339 225 1399 Forte
246 1362 307 1402 una
325 1342 422 1404 tacite
442 1344 572 1425 profert
593 1363 611 1403 e
632 1355 743 1424 stagno
765 1353 877 1422 caput,

122 1419 166 1479 Et
180 1421 355 1500 ‘explorato
376 1444 455 1505 rege
478 1436 606 1485 cunctas
629 1436 752 1484 euocat.

121 1499 215 1575 Illae,
236 1500 353 1562 timore
373 1504 497 1583 posito,
518 1503 664 1565 certatim
686 1511 851 1576 annotant,

120 1578 323 1662 Lignumque
344 1603 440 1662 supra
459 1583 554 1643 turba
573 1582 720 1664 petulans
740 1580 845 1640 insilit.

121 1657 221 1743 Quod
244 1682 342 1742 quum
364 1661 579 1743 inquinassent
600 1662 686 1722 omni
702 1657 910 1734 contumelia,

119 1738 228 1798 Alium
250 1752 401 1821 rogantes
422 1762 533 1823 regem
553 1741 669 1801 uiisere
692 1739 731 1798 ad
751 1741 878 1814 lovem3

118 1816 241 1878 Inutilis
267 1821 416 1901 quoniam
438 1833 539 1898 esset,
561 1821 615 1910 qui
634 1820 742 1880 fuerat
763 1817 866 1877 datus.

119 1899 203 1957 'l'um
224 1899 308 1959 misit
326 1900 387 1960 illis
408 1899 543 1980 hydrum
551 1919 562 1978 ,·
584 1900 639 1984 qui
660 1899 755 1960 dente
778 1916 892 1976 aspero

120 1977 296 2057 Corripere
317 1981 424 2060 coepit
443 1980 592 2062 singulas.
634 1981 768 2040 Frustra
791 1995 904 2042 necem

117 2053 271 2138 Fugitant
290 2059 426 2136 inertes·;
449 2080 562 2121 vocem
583 2057 762 2141 praecludit
782 2067 900 2118 metus.
995 2089 997 2094 ,

117 2137 245 2198 Furtim
265 2137 364 2220 igitur
386 2140 461 2199 daut
480 2142 642 2203 Mercurio
664 2138 808 2199 mandata
830 2135 869 2195 ad
893 2136 1018 2214 lovem,

116 2214 256 2278 Alllictis
276 2230 312 2278 ut
334 2225 641 2300 succur1·at.7'l'une
664 2231 775 2283 coutra
796 2219 904 2289 Deus,

150 2297 202 2356 uia
221 2297 365 2358 noluistis
386 2312 529 2360 vestrum
549 2300 656 2377 serre,
677 2297 796 2389 inquil,
818 2297 957 2382 honum3

115 2296 234 2437 illalum
254 2377 411 2457 perferte
446 2381 521 2441 'Vos
543 2402 689 2464 quoque,
711 2397 730 2437 o
753 2396 857 2451 cives,
878 2375 937 2453 ait,
1077 2378 1115 2442 30
1185 2426 1190 2431 .

116 2459 190 2530 Hoc
211 2459 382 2536 sustinete,
405 2459 504 2524 maius
525 2481 566 2528 ne
586 2461 708 2536 veniat,
729 2455 855 2520 malum»

543 2717 620 2762 uun.
642 2698 693 2756 ΙΙΙ.

263 2821 491 2884 GRACULUS
516 2820 737 2892 SUPERBUS
758 2818 967 2886 E'l'1PAVO.

115 2923 162 2982 Ne
183 2924 313 3004 gloriari
333 2924 432 2993 libeat
451 2923 559 2985 alienis
579 2923 688 3001 bonis,

115 3001 247 3085 Suoque
268 3006 375 3085 potius
394 3004 505 3086 habitu
528 3004 624 3065 vitam
644 3005 779 3088 degere,

114 3135 310 3148 *ρ-

114 3178 197 3227 suetis
217 3195 287 3228 onus
296 3194 307 3239 ,·
322 3179 441 3230 Heinsius
461 3195 537 3228 omne
552 3180 684 3240 insuetis,
703 3197 772 3247 quoe
793 3178 875 3230 lectio
893 3193 965 3226 nunc
983 3174 1039 3226 lere
1054 3174 1111 3226 edi·

105 3247 200 3296 ‘tiones
221 3255 342 3314 occupat.
363 3247 477 3296 Omnino
496 3254 586 3296 tuetur
604 3248 752 3298 Desbillon.
772 3263 850 3314 quom
870 3244 931 3294 vid.
952 3243 985 3293 ad
1009 3246 1110 3294 calcent

114 3310 191 3363 huius
212 3312 255 3363 od.
273 3341 308 3351 -
324 3330 352 3362 v.
375 3315 412 3379 14.
432 3312 509 3365 vodis
530 3315 597 3365 Cod.
617 3315 687 3366 Pith.
709 3314 774 3364 vadi
790 3314 857 3364 Cod.
875 3313 1110 3378 RormAnonymus
1158 3369 1160 3374 Α

113 3380 223 3430 Nilantii
243 3383 287 3447 qui
307 3382 366 3433 scro-
378 3381 460 3434 verbo
477 3391 554 3434 tenua
574 3381 642 3433 hanc
661 3383 777 3432 rabulam
797 3401 827 3434 ex
848 3381 925 3432 rossit
938 3380 1047 3428 missum
1059 3378 1113 3427 levi

114 3459 186 3498 motu
211 3466 332 3518 carroque
357 3452 456 3500 terruit
477 3467 540 3519 past.
566 3466 628 3516 gan.
656 3479 690 3488 -
715 3468 744 3501 v.
767 3451 806 3502 16.
829 3401 912 3501 llontl.
941 3447 1109 3496 coniectura:

116 3516 251 3566 immersae
269 3517 329 3566 utne
348 3533 408 3574 cum
426 3519 540 3568 luteram
557 3517 677 3579 dianas,
693 3519 849 3570 confirmata
865 3518 898 3568 ab
909 3511 1112 3577 Anonymnuit„
1182 3545 1183 3548 =

116 3585 158 3649 qui
168 3582 260 3636 habu:
281 3602 384 3635 morsus
394 3586 455 3636 Ιίηιο
465 3603 523 3636 cum
532 3586 656 3636 laterent.
667 3614 701 3626 -
710 3603 738 3636 v.
751 3601 792 3640 πο.
801 3603 881 3652 supet·
889 3580 957 3632 Edu.
967 3575 1119 3643 quaedum(
