2678 3978
240 482 278 526 20
441 492 446 505 ¹
554 481 701 524 annuunt
723 481 922 524 FABULARUH

238 628 328 709 Aper
350 645 447 708 quum
468 624 566 686 vellet
586 623 695 686 facere
716 644 907 707 generosum
928 624 1098 705 impetum,

238 707 405 788 Repressit
423 707 518 785 iram3
538 719 588 782 et,
610 706 724 765 Facilis
745 705 883 768 vindicta
904 715 952 766 est
971 701 1063 780 mihi3
1196 722 1233 764 to
1322 719 1323 726 ’

239 787 303 848 Sed
323 787 478 871 inquinari
498 788 573 850 nolo
596 786 710 867 ignavo
731 786 889 870 sangume.
975 802 978 811 ·
1322 798 1323 808 ¹

632 1056 707 1097 rau.
728 1039 827 1098 XXX.

370 1165 483 1218 RANAE
502 1163 707 1215 METUENTES
725 1157 917 1216 TAURORUM
938 1160 1095 1215 PROEle.

236 1293 381 1357 Humiles
404 1287 565 1362 laborant,
586 1285 642 1346 uhi
661 1298 808 1368 potentes
829 1286 988 1349 dissident.

275 1377 378 1448 Rana,
403 1365 570 1448 inpalude
589 1387 727 1449 pugnam
749 1379 914 1434 taurorum
937 1367 1080 1443 intuens,

236 1459 327 1529 Heu,
352 1461 468 1535 quanta
486 1445 578 1507 nobis
598 1447 692 1507 instat
710 1449 883 1530 pernicies!
906 1449 956 1509 ait.

208 1549 211 1558 '
236 1541 433 1614 Interrogata
455 1526 492 1586 ab
515 1525 589 1602 alia,
612 1546 670 1587 cur
692 1528 754 1590 hoc
772 1529 917 1606 diceret,

236 1620 287 1677 lle
308 1611 486 1696 principatu
507 1627 604 1691 quum
626 1607 673 1667 illi
695 1622 853 1670 certarent
896 1611 1000 1693 regis,
1212 1605 1233 1669 5

235 1700 411 1779 Longeque
431 1688 470 1750 ab
493 1687 568 1768 ipsis
590 1687 746 1771 degerent
765 1691 862 1751 vitam
874 1631 1002 1752 latest

235 1780 294 1838 Est
319 1772 410 1836 statio
431 1781 591 1849 separata,
613 1789 648 1829 ac
670 1771 830 1832 diversum
852 1790 966 1853 genus3

236 1857 300 1919 Sed
321 1855 431 1938 pulsus
451 1868 552 1930 regno
573 1852 711 1911 nemoris
732 1852 787 1935 qui
833 1849 1011 1931 rofugem't,

234 1937 362 1998 Paludis
384 1934 415 1992 in
435 1925 689 1991 secreta‘veniet
709 1873 854 2008 latibulis,

144 2063 149 2075 ,
234 2021 278 2078 Et
298 2012 496 2098 proculcatas
519 2007 747 2071 obteret'duro
768 2011 869 2092 pede:
1085 2018 1089 2022 “
1194 2025 1232 2066 ιο
1321 2061 1322 2066 ,

236 2100 340 2177 Caput
356 2095 399 2153 ita
420 2087 460 2148 ad
476 2099 618 2147 nostrum
638 2090 732 2152 furor
755 2091 884 2152 illorum
901 2088 1051 2172 pertinet.

627 2362 702 2404 ram
723 2343 834 2406 XXXl.
876 2362 890 2386 ·-
989 2323 992 2328 ’

459 2540 462 2544 ,
526 2471 655 2529 atavus
673 2477 717 2528 ur
734 2478 928 2532 COLUMBAE.

233 2596 300 2686 Qui
323 2613 358 2654 se
382 2591 550 2658 committit
568 2590 874 2683 hominittutaudum
894 2585 1061 2675 impr-ohe,

233 2673 358 2739 Auxilia
380 2671 455 2733 dum
476 2671 628 2755 requirit,
652 2672 781 2731 exitium
800 2672 927 2734 invenit.

244 2824 434 2840 m

302 2900 369 2952 Fal.
389 2899 481 2964 XXX,
499 2910 528 2949 v.
547 2899 572 2951 5.
591 2895 679 2949 codd.
697 2895 739 2948 De
759 2899 920 2970 principata
946 2918 1005 2954 cum
1030 2897 1072 2950 ali
1090 2903 1229 2948 certarent

233 2971 325 3041 gregis
344 2967 492 3037 Longeque
507 2965 541 3016 ab
559 2967 611 3017 illis
630 2965 759 3032 degerent
784 2969 865 3019 vitam
887 2969 972 3020 boves.
997 2970 1085 3022 Nicol.
1104 2966 1228 3016 Heinsius

234 3039 352 3092 coniecit
366 3053 426 3086 cum
445 3032 616 3085 decertarent
633 3050 776 3102 suppresso
794 3036 851 3100 illi,
876 3054 991 3106 eumque
1014 3036 1122 3108 plurimi
1140 3036 1228 3084 secuti

233 3114 304 3158 aunt.
321 3103 492 3155 Desbillonus
510 3104 630 3172 priorem
654 3111 759 3153 tersum
781 3103 909 3156 intactum
929 3108 1084 3174 relinquens
1110 3103 1228 3152 alterum

234 3174 391 3226 coniectura
409 3172 445 3220 ita
463 3171 569 3221 refinxit
585 3171 731 3251 Longeque
748 3169 781 3221 ab
804 3173 874 3224 ulvis
892 3171 1019 3240 degerent
1036 3173 1118 3222 vitam
1137 3167 1227 3220 boves.
1305 3207 1310 3218 .

232 3243 289 3296 Nos
304 3237 392 3289 Bothii
413 3231 628 3290 emendationem
646 3255 673 3288 iu
690 3238 739 3289 Ed.
758 3240 916 3293 Desbillonii
934 3242 1102 3311 propositam
1120 3238 1227 3306 recepi·
1315 3279 1316 3296 ἶ

232 3326 301 3362 mue.
319 3336 352 3347 —
370 3321 399 3354 v.
421 3319 444 3372 7.
465 3305 552 3357 Codd.
570 3305 621 3358 Era
638 3309 710 3357 ratio
727 3321 870 3377 separata,
899 3311 953 3374 ait,
978 3326 1010 3359 ac
1028 3306 1161 3358 diversum
1178 3319 1226 3372 ge·
1298 3321 1301 3333 ²

232 3395 294 3430 nus.
314 3375 406 3440 Rigalt.
428 3370 528 3434 Natio,
550 3369 608 3436 ait,
632 3387 773 3443 reparata,
791 3393 824 3427 ao
839 3376 974 3428 diversam
994 3389 1033 3428 est
1049 3391 1143 3444 genus.
1171 3375 1226 3424 Nos

232 3444 352 3496 Gudium
376 3437 461 3490 secuti
482 3451 580 3491 sumus.
615 3443 653 3492 Ex
673 3444 818 3510 Rigaltiuna
844 3449 871 3494 et
889 3439 1010 3494 Gudiana
1037 3443 1226 3496 emendatione
1314 3495 1315 3498 ,

231 3513 346 3567 Lallem.
366 3507 501 3559 conflavit:
519 3507 624 3574 Statio,
643 3511 695 3572 nit,
714 3521 858 3576 separata,
876 3528 910 3562 ac
921 3509 1055 3563 dirersmn
1068 3519 1109 3561 est
1121 3525 1227 3579 gemis,-

234 3576 371 3649 eamque*
410 3575 426 3586 ''
527 3577 631 3644 recepit
649 3577 799 3628 Deshillon.
