2678 3978
212 454 251 517 alr
525 461 673 503 rnannnr
696 461 894 504 resonarunt

211 602 406 685 Animosque
432 601 573 664 eiusdem
592 602 726 685 pulchra
745 604 868 668 invenis
891 613 1031 685 ceperat.

210 681 350 758 Ambae,
372 681 473 746 videri
495 681 570 747 dum
595 683 706 744 volunt
728 683 775 743 illi
796 703 908 776 pares,

212 761 349 842 Capillos
369 761 488 823 homini
506 762 617 900 lepere
643 784 780 849 coepere
804 763 949 836 invicem.
1002 809 1003 814 η
1090 790 1100 800 ·

243 863 319 901 uum
341 862 375 903 se
395 855 523 925 putaret
565 843 618 924 ngi
639 863 714 904 cura
737 843 921 919 mulierum,

212 923 327 983 balius
349 935 484 1005 repente
505 921 607 982 factus
631 937 694 984 ast:
715 945 786 984 nam
806 922 948 984 limditus

211 1003 314 1069 canos
335 1003 457 1088 puella,
477 1003 586 1084 nigros
608 1024 683 1066 anus
705 1003 871 1066 evelleret.

607 1169 807 1186 Ἥ

636 1315 711 1358 sse.
733 1299 781 1356 Ill.

517 1431 644 1481 HOMO
670 1433 725 1482 ET
755 1432 899 1484 CANIS.

208 1549 380 1616 Laceratus
403 1549 530 1634 quidam
549 1572 659 1613 morsu
679 1553 874 1636 vehementis
896 1557 997 1634 canis,

210 1631 358 1691 Tinctum
378 1651 494 1692 eruore
511 1653 629 1715 ¹panem
650 1633 734 1694 misit
755 1631 914 1711 malefico,

208 1710 364 1772 Audierat
385 1731 455 1772 esse
478 1712 566 1796 quod
585 1713 761 1774 remedium
782 1715 932 1775 vulneris.
976 1743 980 1752 ¹
1011 1781 1016 1790 ¹

209 1793 300 1851 Tunc
322 1791 366 1851 sic
386 1792 548 1874 Aesopus:
570 1793 643 1853 Noli
665 1793 772 1854 coram
792 1793 936 1875 pluribus

209 1872 281 1932 Hoc
302 1868 411 1931 facere
434 1874 577 1951 canibus,
597 1894 638 1934 ne
658 1893 715 1933 nos
737 1873 826 1936 vivos
849 1874 1029 1957 devorent,
1145 1928 1147 1936 ,
1190 1875 1212 1936 5

209 1950 317 2030 Quum
337 1950 479 2030 scierint,
502 1974 571 2015 esse
591 1954 654 2014 tale
677 1954 789 2036 culpae
811 1954 996 2034 praemium.

251 2029 424 2096 Successus
444 2033 661 2114 improborum
682 2035 790 2114 plures
812 2034 916 2098 allicit.
1072 2083 1076 2096 .

602 2181 810 2200 ——s-s-i-vu

633 2335 707 2377 rsa.
727 2317 781 2382 lV.
816 2400 821 2406 ἱ

474 2437 622 2506 AQUILA,
650 2443 755 2494 FELES
773 2445 820 2496 ET
839 2448 936 2504 APER.

210 2561 326 2645 Aquila
346 2560 377 2620 in
397 2557 522 2620 sublimi
537 2583 666 2644 quercu
686 2564 794 2624 nidum
814 2563 955 2630 fecerat:
1046 2611 1050 2618 »

211 2642 307 2705 Feles
330 2660 496 2702 cavernam
516 2655 606 2701 nacta
625 2643 657 2702 in
676 2644 779 2704 media
799 2662 985 2727 pepererat:

211 2722 272 2782 Sus
291 2719 429 2783 nemoris
451 2720 564 2780 cultrix
584 2720 687 2783 fetum
709 2722 749 2783 ad
769 2724 862 2787 imam
882 2742 1048 2810 posuerat.

211 2804 294 2868 Tum
315 2800 485 2864 fortuitum
503 2799 586 2864 feles
608 2800 850 2869 contubernium

214 2958 357 2973 a-——-—··

211 3042 279 3094 sohii
291 3043 457 3095 'coniectura
476 3043 599 3093 omnibus
616 3045 672 3096 lere
690 3046 822 3113 probata;
841 3048 867 3096 in
889 3045 979 3102 Codd.
1002 3052 1118 3120 tegebat.
1136 3080 1171 3090 -
1185 3069 1216 3102 v.

211 3112 238 3162 8.
257 3108 345 3161 Codd.
364 3108 434 3162 Pith.
453 3118 480 3160 et
498 3110 571 3161 llem.
590 3115 748 3180 primaeque
765 3114 834 3164 Edd.
863 3117 921 3180 Qui
943 3135 971 3166 se
993 3132 1108 3185 patraret
1124 3122 1215 3191 pingi.

214 3178 357 3244 Scioppius
377 3179 434 3246 (lui
448 3195 475 3234 sa
491 3181 697 3252 putaretfingi.
716 3183 811 3248 Rigalt.
842 3185 931 3247 (licum
948 3203 975 3233 se
992 3199 1108 3253 putarat
1125 3190 1215 3258 pingi.

211 3245 388 3298 Recentiores
406 3248 462 3296 sere
482 3262 586 3298 omnes:
606 3251 694 3315 Quum
712 3267 739 3298 sc
754 3261 865 3318 putaret
872 3251 957 3322 fingi.

262 3312 330 3370 Feb,
349 3315 398 3378 Ill,
416 3329 445 3366 v·
462 3329 488 3376 a.
506 3314 595 3366 Codd.
614 3327 641 3368 et
659 3317 728 3368 Eud.
748 3321 848 3385 primae
866 3337 961 3387 punem
978 3321 1099 3374 immisit.
1127 3322 1215 3372 Pleri-

214 3395 267 3451 que
285 3377 377 3432 Guasso
396 3388 422 3432 et
441 3379 579 3432 Gronovio
595 3387 786 3450 praeeuntibus
804 3387 885 3437 misit.

268 3448 331 3498 Fnb.
350 3449 397 3513 IV,
414 3464 443 3497 v.
463 3463 486 3496 a.
506 3453 620 3500 nemoris
639 3454 744 3504 cultrix
760 3453 848 3504 Codd.
870 3463 898 3503 ct
913 3455 1017 3521 primae
1037 3453 1107 3506 Edd.
1126 3472 1215 3506 nenio·

216 3515 345 3574 ricaltm'x
362 3515 481 3572 coniecit
498 3515 654 3577 Rittershus,
671 3522 753 3588 idque
772 3521 879 3592 plurimi
898 3530 1070 3592 receperunt.
