<?xml version="1.0" encoding="UTF-8"?>
<!DOCTYPE html PUBLIC "-//W3C//DTD XHTML 1.0 Transitional//EN"
    "http://www.w3.org/TR/xhtml1/DTD/xhtml1-transitional.dtd">
<html xmlns="http://www.w3.org/1999/xhtml" xml:lang="en" lang="en">
 <head>
  <title>
</title>
<meta http-equiv="Content-Type" content="text/html;charset=utf-8" />
  <meta name='ocr-system' content='tesseract 3.04.00' />
  <meta name='ocr-capabilities' content='ocr_page ocr_carea ocr_par ocr_line ocrx_word'/>
</head>
<body>
  <div class='ocr_page' id='page_1' title='image "./phaedriaugustil00aesogoog_0157.png"; bbox 0 0 2610 4002; ppageno 0'>
   <div class='ocr_carea' id='block_1_1' title="bbox 207 463 869 510">
    <p class='ocr_par' dir='ltr' id='par_1_1' title="bbox 207 463 869 510">
     <span class='ocr_line' id='line_1_1' title="bbox 207 463 869 510; baseline 0.003 -2"><span class='ocrx_word' id='word_1_1' title='bbox 207 466 262 508; x_wconf 63' lang='lat'><strong>12⁰</strong></span> <span class='ocrx_word' id='word_1_2' title='bbox 547 463 695 508; x_wconf 73' lang='lat' dir='ltr'><strong>rmum</strong></span> <span class='ocrx_word' id='word_1_3' title='bbox 716 464 869 510; x_wconf 71' lang='lat' dir='ltr'><strong>nullm</strong></span> 
     </span>
    </p>
   </div>
   <div class='ocr_carea' id='block_1_2' title="bbox 203 593 994 908">
    <p class='ocr_par' dir='ltr' id='par_1_2' title="bbox 203 593 994 908">
     <span class='ocr_line' id='line_1_2' title="bbox 203 593 964 699; baseline -0.003 -33"><span class='ocrx_word' id='word_1_4' title='bbox 203 593 247 666; x_wconf 82' lang='lat' dir='ltr'><strong>Et</strong></span> <span class='ocrx_word' id='word_1_5' title='bbox 266 606 463 690; x_wconf 82' lang='lat' dir='ltr'><strong>coniugalem</strong></span> <span class='ocrx_word' id='word_1_6' title='bbox 482 595 617 690; x_wconf 73' lang='lat' dir='ltr'><strong>praebet</strong></span> <span class='ocrx_word' id='word_1_7' title='bbox 635 611 835 699; x_wconf 76' lang='lat' dir='ltr'><strong>Hymenaeus</strong></span> <span class='ocrx_word' id='word_1_8' title='bbox 854 603 964 666; x_wconf 79' lang='lat' dir='ltr'><strong>locem.</strong></span> 
     </span>
     <span class='ocr_line' id='line_1_3' title="bbox 203 688 943 778; baseline -0.001 -31"><span class='ocrx_word' id='word_1_9' title='bbox 203 688 329 747; x_wconf 82' lang='lat' dir='ltr'><strong>Asellus</strong></span> <span class='ocrx_word' id='word_1_10' title='bbox 350 700 472 762; x_wconf 88' lang='lat' dir='ltr'><strong>autem,</strong></span> <span class='ocrx_word' id='word_1_11' title='bbox 490 688 545 770; x_wconf 87' lang='lat' dir='ltr'><strong>qui</strong></span> <span class='ocrx_word' id='word_1_12' title='bbox 564 689 686 748; x_wconf 77' lang='lat' dir='ltr'><strong>solebat</strong></span> <span class='ocrx_word' id='word_1_13' title='bbox 703 708 837 769; x_wconf 77' lang='lat' dir='ltr'><strong>pauperi</strong></span> <span class='ocrx_word' id='word_1_14' title='bbox 893 763 900 778; x_wconf 38' lang='grc' dir='ltr'>ι</span> <span class='ocrx_word' id='word_1_15' title='bbox 935 763 943 776; x_wconf 90' lang='lat'>.</span> 
     </span>
     <span class='ocr_line' id='line_1_4' title="bbox 203 763 994 908; baseline -0.005 -81"><span class='ocrx_word' id='word_1_16' title='bbox 203 767 378 908; x_wconf 49' lang='lat' dir='ltr'><strong>glumam</strong></span> <span class='ocrx_word' id='word_1_17' title='bbox 401 767 550 843; x_wconf 90' lang='lat' dir='ltr'><strong>deferre,</strong></span> <span class='ocrx_word' id='word_1_18' title='bbox 572 769 675 829; x_wconf 82' lang='lat' dir='ltr'><strong>stabat</strong></span> <span class='ocrx_word' id='word_1_19' title='bbox 694 780 807 849; x_wconf 86' lang='lat' dir='ltr'><strong>portae</strong></span> <span class='ocrx_word' id='word_1_20' title='bbox 826 767 859 826; x_wconf 91' lang='lat' dir='ltr'><strong>in</strong></span> <span class='ocrx_word' id='word_1_21' title='bbox 878 763 994 825; x_wconf 73' lang='lat' dir='ltr'><strong>hmine.</strong></span> 
     </span>
    </p>
   </div>
   <div class='ocr_carea' id='block_1_3' title="bbox 187 847 1202 2368">
    <p class='ocr_par' dir='ltr' id='par_1_3' title="bbox 187 847 1202 2368">
     <span class='ocr_line' id='line_1_5' title="bbox 242 847 851 927; baseline 0.007 -21"><span class='ocrx_word' id='word_1_22' title='bbox 242 869 295 906; x_wconf 93' lang='lat' dir='ltr'><strong>um</strong></span> <span class='ocrx_word' id='word_1_23' title='bbox 317 847 442 927; x_wconf 90' lang='lat' dir='ltr'><strong>puellae</strong></span> <span class='ocrx_word' id='word_1_24' title='bbox 465 868 540 908; x_wconf 89' lang='lat' dir='ltr'><strong>casu</strong></span> <span class='ocrx_word' id='word_1_25' title='bbox 558 849 739 910; x_wconf 86' lang='lat' dir='ltr'><strong>conducunt</strong></span> <span class='ocrx_word' id='word_1_26' title='bbox 757 867 851 921; x_wconf 80' lang='lat' dir='ltr'><strong>suae,</strong></span> 
     </span>
     <span class='ocr_line' id='line_1_6' title="bbox 203 925 915 1007; baseline -0.01 -17"><span class='ocrx_word' id='word_1_27' title='bbox 203 927 283 990; x_wconf 80' lang='lat' dir='ltr'><strong>Viae</strong></span> <span class='ocrx_word' id='word_1_28' title='bbox 301 926 428 988; x_wconf 89' lang='lat' dir='ltr'><strong>labores</strong></span> <span class='ocrx_word' id='word_1_29' title='bbox 447 939 576 988; x_wconf 89' lang='lat' dir='ltr'><strong>teneros</strong></span> <span class='ocrx_word' id='word_1_30' title='bbox 598 949 640 987; x_wconf 92' lang='lat' dir='ltr'><strong>ne</strong></span> <span class='ocrx_word' id='word_1_31' title='bbox 662 927 787 988; x_wconf 76' lang='lat' dir='ltr'><strong>laedant</strong></span> <span class='ocrx_word' id='word_1_32' title='bbox 804 925 915 1007; x_wconf 88' lang='lat' dir='ltr'><strong>pedes.</strong></span> 
     </span>
     <span class='ocr_line' id='line_1_7' title="bbox 204 1005 924 1087; baseline -0.006 -20"><span class='ocrx_word' id='word_1_33' title='bbox 204 1011 351 1087; x_wconf 86' lang='lat' dir='ltr'><strong>Repente</strong></span> <span class='ocrx_word' id='word_1_34' title='bbox 372 1007 513 1084; x_wconf 89' lang='lat' dir='ltr'><strong>coelum,</strong></span> <span class='ocrx_word' id='word_1_35' title='bbox 536 1008 672 1069; x_wconf 73' lang='lat' dir='ltr'><strong>Veneris</strong></span> <span class='ocrx_word' id='word_1_36' title='bbox 692 1005 924 1078; x_wconf 81' lang='lat' dir='ltr'><strong>misericordia,</strong></span> 
     </span>
     <span class='ocr_line' id='line_1_8' title="bbox 203 1086 916 1169; baseline -0.01 -19"><span class='ocrx_word' id='word_1_37' title='bbox 203 1087 315 1150; x_wconf 87' lang='lat' dir='ltr'><strong>Ventis</strong></span> <span class='ocrx_word' id='word_1_38' title='bbox 337 1099 501 1164; x_wconf 84' lang='lat' dir='ltr'><strong>movetur;</strong></span> <span class='ocrx_word' id='word_1_39' title='bbox 520 1086 641 1148; x_wconf 91' lang='lat' dir='ltr'><strong>intonat</strong></span> <span class='ocrx_word' id='word_1_40' title='bbox 660 1088 769 1147; x_wconf 92' lang='lat' dir='ltr'><strong>mundi</strong></span> <span class='ocrx_word' id='word_1_41' title='bbox 788 1087 916 1169; x_wconf 79' lang='lat' dir='ltr'><strong>fragor,</strong></span> 
     </span>
     <span class='ocr_line' id='line_1_9' title="bbox 203 1165 966 1260; baseline -0.008 -32"><span class='ocrx_word' id='word_1_42' title='bbox 203 1168 402 1260; x_wconf 67' lang='lat' dir='ltr'><strong>Noctemque</strong></span> <span class='ocrx_word' id='word_1_43' title='bbox 422 1165 526 1228; x_wconf 88' lang='lat' dir='ltr'><strong>densis</strong></span> <span class='ocrx_word' id='word_1_44' title='bbox 546 1166 708 1229; x_wconf 87' lang='lat' dir='ltr'><strong>horridam</strong></span> <span class='ocrx_word' id='word_1_45' title='bbox 727 1166 840 1226; x_wconf 87' lang='lat' dir='ltr'><strong>nimbis</strong></span> <span class='ocrx_word' id='word_1_46' title='bbox 859 1175 966 1245; x_wconf 82' lang='lat' dir='ltr'><strong>parat3</strong></span> 
     </span>
     <span class='ocr_line' id='line_1_10' title="bbox 204 1243 976 1328; baseline -0.006 -21"><span class='ocrx_word' id='word_1_47' title='bbox 204 1249 275 1308; x_wconf 84' lang='lat' dir='ltr'><strong>Lux</strong></span> <span class='ocrx_word' id='word_1_48' title='bbox 296 1259 419 1328; x_wconf 76' lang='lat' dir='ltr'><strong>rapitur</strong></span> <span class='ocrx_word' id='word_1_49' title='bbox 442 1246 560 1322; x_wconf 92' lang='lat' dir='ltr'><strong>oculis,</strong></span> <span class='ocrx_word' id='word_1_50' title='bbox 583 1259 616 1308; x_wconf 92' lang='lat' dir='ltr'><strong>et</strong></span> <span class='ocrx_word' id='word_1_51' title='bbox 638 1247 730 1305; x_wconf 88' lang='lat' dir='ltr'><strong>simul</strong></span> <span class='ocrx_word' id='word_1_52' title='bbox 749 1247 796 1306; x_wconf 81' lang='lat' dir='ltr'><strong>vis</strong></span> <span class='ocrx_word' id='word_1_53' title='bbox 858 1243 976 1304; x_wconf 89' lang='lat' dir='ltr'><strong>andinis</strong></span> 
     </span>
     <span class='ocr_line' id='line_1_11' title="bbox 203 1267 1080 1408; baseline -0.006 -22"><span class='ocrx_word' id='word_1_54' title='bbox 203 1327 316 1388; x_wconf 84' lang='lat' dir='ltr'><strong>Effusa</strong></span> <span class='ocrx_word' id='word_1_55' title='bbox 337 1339 370 1388; x_wconf 90' lang='lat' dir='ltr'><strong>ct</strong></span> <span class='ocrx_word' id='word_1_56' title='bbox 393 1326 500 1408; x_wconf 79' lang='lat' dir='ltr'><strong>pluvia</strong></span> <span class='ocrx_word' id='word_1_57' title='bbox 519 1327 650 1386; x_wconf 87' lang='lat' dir='ltr'><strong>admista</strong></span> <span class='ocrx_word' id='word_1_58' title='bbox 670 1325 802 1387; x_wconf 75' lang='lat' dir='ltr'><strong>comites</strong></span> <span class='ocrx_word' id='word_1_59' title='bbox 818 1267 969 1404; x_wconf 47' lang='lat' dir='ltr'><strong>dissipat,</strong></span> <span class='ocrx_word' id='word_1_60' title='bbox 1074 1341 1080 1352; x_wconf 88' lang='grc'><strong><em>’</em></strong></span> 
     </span>
     <span class='ocr_line' id='line_1_12' title="bbox 204 1399 1039 1489; baseline -0.006 -23"><span class='ocrx_word' id='word_1_61' title='bbox 204 1405 272 1466; x_wconf 87' lang='lat' dir='ltr'><strong>Sibi</strong></span> <span class='ocrx_word' id='word_1_62' title='bbox 293 1427 452 1489; x_wconf 80' lang='lat' dir='ltr'><strong>quemque</strong></span> <span class='ocrx_word' id='word_1_63' title='bbox 474 1425 590 1486; x_wconf 84' lang='lat' dir='ltr'><strong>cogens</strong></span> <span class='ocrx_word' id='word_1_64' title='bbox 608 1417 722 1486; x_wconf 88' lang='lat' dir='ltr'><strong>petere</strong></span> <span class='ocrx_word' id='word_1_65' title='bbox 741 1405 934 1487; x_wconf 80' lang='lat' dir='ltr'><strong>praesidium</strong></span> <span class='ocrx_word' id='word_1_66' title='bbox 951 1399 1039 1484; x_wconf 79' lang='lat' dir='ltr'><strong>fuga.</strong></span> 
     </span>
     <span class='ocr_line' id='line_1_13' title="bbox 204 1485 891 1566; baseline -0.004 -20"><span class='ocrx_word' id='word_1_67' title='bbox 204 1486 331 1546; x_wconf 77' lang='lat' dir='ltr'><strong>Asellus</strong></span> <span class='ocrx_word' id='word_1_68' title='bbox 351 1497 460 1546; x_wconf 89' lang='lat' dir='ltr'><strong>notum</strong></span> <span class='ocrx_word' id='word_1_69' title='bbox 483 1486 627 1566; x_wconf 85' lang='lat' dir='ltr'><strong>proxime</strong></span> <span class='ocrx_word' id='word_1_70' title='bbox 650 1497 769 1546; x_wconf 87' lang='lat' dir='ltr'><strong>tectum</strong></span> <span class='ocrx_word' id='word_1_71' title='bbox 790 1485 891 1561; x_wconf 85' lang='lat' dir='ltr'><strong>subit,</strong></span> 
     </span>
     <span class='ocr_line' id='line_1_14' title="bbox 204 1565 916 1648; baseline -0.003 -22"><span class='ocrx_word' id='word_1_72' title='bbox 204 1569 248 1626; x_wconf 91' lang='lat' dir='ltr'><strong>Et</strong></span> <span class='ocrx_word' id='word_1_73' title='bbox 269 1585 348 1627; x_wconf 83' lang='lat' dir='ltr'><strong>voce</strong></span> <span class='ocrx_word' id='word_1_74' title='bbox 369 1585 479 1648; x_wconf 77' lang='lat' dir='ltr'><strong>magna</strong></span> <span class='ocrx_word' id='word_1_75' title='bbox 498 1586 569 1626; x_wconf 89' lang='lat' dir='ltr'><strong>sese</strong></span> <span class='ocrx_word' id='word_1_76' title='bbox 592 1567 770 1628; x_wconf 83' lang='lat' dir='ltr'><strong>venientem</strong></span> <span class='ocrx_word' id='word_1_77' title='bbox 791 1565 916 1626; x_wconf 87' lang='lat' dir='ltr'><strong>indicat.</strong></span> 
     </span>
     <span class='ocr_line' id='line_1_15' title="bbox 204 1641 1091 1728; baseline -0.007 -22"><span class='ocrx_word' id='word_1_78' title='bbox 204 1647 404 1706; x_wconf 85' lang='lat' dir='ltr'><strong>Procurrunt</strong></span> <span class='ocrx_word' id='word_1_79' title='bbox 425 1646 536 1726; x_wconf 90' lang='lat' dir='ltr'><strong>pueri,</strong></span> <span class='ocrx_word' id='word_1_80' title='bbox 555 1646 721 1728; x_wconf 88' lang='lat' dir='ltr'><strong>pulchram</strong></span> <span class='ocrx_word' id='word_1_81' title='bbox 742 1646 895 1727; x_wconf 85' lang='lat' dir='ltr'><strong>aspiciunt</strong></span> <span class='ocrx_word' id='word_1_82' title='bbox 915 1641 1091 1724; x_wconf 78' lang='lat' dir='ltr'><strong>virginem,</strong></span> 
     </span>
     <span class='ocr_line' id='line_1_16' title="bbox 205 1724 938 1788; baseline -0.001 -2"><span class='ocrx_word' id='word_1_83' title='bbox 205 1727 249 1786; x_wconf 89' lang='lat' dir='ltr'><strong>Et</strong></span> <span class='ocrx_word' id='word_1_84' title='bbox 269 1724 474 1786; x_wconf 86' lang='lat' dir='ltr'><strong>admirantur:</strong></span> <span class='ocrx_word' id='word_1_85' title='bbox 497 1726 611 1788; x_wconf 86' lang='lat' dir='ltr'><strong>deiude</strong></span> <span class='ocrx_word' id='word_1_86' title='bbox 635 1725 762 1788; x_wconf 90' lang='lat' dir='ltr'><strong>domino</strong></span> <span class='ocrx_word' id='word_1_87' title='bbox 784 1725 938 1786; x_wconf 72' lang='lat' dir='ltr'><strong>nunciant.</strong></span> 
     </span>
     <span class='ocr_line' id='line_1_17' title="bbox 204 1801 1202 1888; baseline -0.003 -22"><span class='ocrx_word' id='word_1_88' title='bbox 204 1808 292 1868; x_wconf 90' lang='lat' dir='ltr'><strong>luter</strong></span> <span class='ocrx_word' id='word_1_89' title='bbox 309 1803 433 1867; x_wconf 88' lang='lat' dir='ltr'><strong>sodales</strong></span> <span class='ocrx_word' id='word_1_90' title='bbox 452 1806 507 1867; x_wconf 88' lang='lat' dir='ltr'><strong>ille</strong></span> <span class='ocrx_word' id='word_1_91' title='bbox 526 1827 645 1888; x_wconf 88' lang='lat' dir='ltr'><strong>paucos</strong></span> <span class='ocrx_word' id='word_1_92' title='bbox 666 1804 838 1883; x_wconf 88' lang='lat' dir='ltr'><strong>accubans,</strong></span> <span class='ocrx_word' id='word_1_93' title='bbox 992 1871 998 1878; x_wconf 58' lang='grc'><strong>,</strong></span> <span class='ocrx_word' id='word_1_94' title='bbox 1159 1801 1202 1863; x_wconf 74' lang='lat'><strong>25</strong></span> 
     </span>
     <span class='ocr_line' id='line_1_18' title="bbox 205 1886 822 1968; baseline -0.002 -21"><span class='ocrx_word' id='word_1_95' title='bbox 205 1889 358 1949; x_wconf 83' lang='lat' dir='ltr'><strong>Am0rem</strong></span> <span class='ocrx_word' id='word_1_96' title='bbox 377 1886 499 1947; x_wconf 87' lang='lat' dir='ltr'><strong>crebris</strong></span> <span class='ocrx_word' id='word_1_97' title='bbox 519 1887 671 1951; x_wconf 80' lang='lat' dir='ltr'><strong>avocabat</strong></span> <span class='ocrx_word' id='word_1_98' title='bbox 688 1886 822 1968; x_wconf 87' lang='lat' dir='ltr'><strong>poculis.</strong></span> 
     </span>
     <span class='ocr_line' id='line_1_19' title="bbox 205 1965 894 2048; baseline 0 -22"><span class='ocrx_word' id='word_1_99' title='bbox 205 1966 268 2026; x_wconf 90' lang='lat' dir='ltr'><strong>Ubi</strong></span> <span class='ocrx_word' id='word_1_100' title='bbox 291 1965 471 2027; x_wconf 89' lang='lat' dir='ltr'><strong>nunciatum</strong></span> <span class='ocrx_word' id='word_1_101' title='bbox 492 1979 556 2045; x_wconf 86' lang='lat' dir='ltr'><strong>est,</strong></span> <span class='ocrx_word' id='word_1_102' title='bbox 574 1979 737 2029; x_wconf 88' lang='lat' dir='ltr'><strong>recreatus</strong></span> <span class='ocrx_word' id='word_1_103' title='bbox 760 1965 894 2048; x_wconf 85' lang='lat' dir='ltr'><strong>gaudio,</strong></span> 
     </span>
     <span class='ocr_line' id='line_1_20' title="bbox 205 2043 1005 2128; baseline 0 -23"><span class='ocrx_word' id='word_1_104' title='bbox 205 2048 363 2107; x_wconf 87' lang='lat' dir='ltr'><strong>Hortante</strong></span> <span class='ocrx_word' id='word_1_105' title='bbox 386 2046 513 2108; x_wconf 88' lang='lat' dir='ltr'><strong>Baccho</strong></span> <span class='ocrx_word' id='word_1_106' title='bbox 535 2059 568 2108; x_wconf 90' lang='lat' dir='ltr'><strong>ct</strong></span> <span class='ocrx_word' id='word_1_107' title='bbox 586 2049 713 2110; x_wconf 88' lang='lat' dir='ltr'><strong>Venere</strong></span> <span class='ocrx_word' id='word_1_108' title='bbox 733 2047 842 2106; x_wconf 90' lang='lat' dir='ltr'><strong>dulces</strong></span> <span class='ocrx_word' id='word_1_109' title='bbox 863 2043 1005 2128; x_wconf 80' lang='lat' dir='ltr'><strong>perlicit,</strong></span> 
     </span>
     <span class='ocr_line' id='line_1_21' title="bbox 204 2124 838 2207; baseline -0.003 -23"><span class='ocrx_word' id='word_1_110' title='bbox 204 2124 413 2207; x_wconf 83' lang='lat' dir='ltr'><strong>Aequalitatis</strong></span> <span class='ocrx_word' id='word_1_111' title='bbox 433 2126 517 2185; x_wconf 88' lang='lat' dir='ltr'><strong>inter</strong></span> <span class='ocrx_word' id='word_1_112' title='bbox 538 2129 684 2207; x_wconf 88' lang='lat' dir='ltr'><strong>plausus,</strong></span> <span class='ocrx_word' id='word_1_113' title='bbox 702 2126 838 2207; x_wconf 88' lang='lat' dir='ltr'><strong>nuptias.</strong></span> 
     </span>
     <span class='ocr_line' id='line_1_22' title="bbox 187 2203 1202 2345; baseline 0.003 -83"><span class='ocrx_word' id='word_1_114' title='bbox 187 2204 373 2345; x_wconf 58' lang='lat' dir='ltr'><strong>-ssnaerunt</strong></span> <span class='ocrx_word' id='word_1_115' title='bbox 390 2216 538 2282; x_wconf 88' lang='lat' dir='ltr'><strong>parentes</strong></span> <span class='ocrx_word' id='word_1_116' title='bbox 560 2225 619 2286; x_wconf 90' lang='lat' dir='ltr'><strong>per</strong></span> <span class='ocrx_word' id='word_1_117' title='bbox 641 2225 832 2286; x_wconf 88' lang='lat' dir='ltr'><strong>praeconem</strong></span> <span class='ocrx_word' id='word_1_118' title='bbox 855 2203 969 2268; x_wconf 83' lang='lat' dir='ltr'><strong>filiam:</strong></span> <span class='ocrx_word' id='word_1_119' title='bbox 1018 2221 1021 2224; x_wconf 84' lang='grc'><em>“</em></span> <span class='ocrx_word' id='word_1_120' title='bbox 1158 2203 1202 2266; x_wconf 83' lang='grc'><strong>30</strong></span> 
     </span>
     <span class='ocr_line' id='line_1_23' title="bbox 236 2281 871 2368; baseline 0.005 -23"><span class='ocrx_word' id='word_1_121' title='bbox 236 2303 315 2345; x_wconf 80' lang='lat' dir='ltr'><strong>orus</strong></span> <span class='ocrx_word' id='word_1_122' title='bbox 335 2281 463 2344; x_wconf 89' lang='lat' dir='ltr'><strong>maritus</strong></span> <span class='ocrx_word' id='word_1_123' title='bbox 484 2284 620 2368; x_wconf 83' lang='lat' dir='ltr'><strong>coniuge</strong></span> <span class='ocrx_word' id='word_1_124' title='bbox 644 2285 754 2347; x_wconf 87' lang='lat' dir='ltr'><strong>amissa</strong></span> <span class='ocrx_word' id='word_1_125' title='bbox 773 2285 871 2349; x_wconf 90' lang='lat' dir='ltr'><strong>dolet.</strong></span> 
     </span>
    </p>
   </div>
   <div class='ocr_carea' id='block_1_4' title="bbox 191 2539 1201 3563">
    <p class='ocr_par' dir='ltr' id='par_1_4' title="bbox 191 2539 1201 3563">
     <span class='ocr_line' id='line_1_24' title="bbox 202 2539 1199 2614; baseline 0.008 -26"><span class='ocrx_word' id='word_1_126' title='bbox 202 2566 240 2588; x_wconf 68' lang='lat'><strong>0·-</strong></span> <span class='ocrx_word' id='word_1_127' title='bbox 255 2557 286 2592; x_wconf 83' lang='lat' dir='ltr'><strong>v.</strong></span> <span class='ocrx_word' id='word_1_128' title='bbox 307 2553 347 2592; x_wconf 85' lang='grc' dir='ltr'><strong>ιο.</strong></span> <span class='ocrx_word' id='word_1_129' title='bbox 364 2539 474 2610; x_wconf 82' lang='lat' dir='ltr'><strong>praebet</strong></span> <span class='ocrx_word' id='word_1_130' title='bbox 492 2541 561 2594; x_wconf 91' lang='lat' dir='ltr'><strong>Cod.</strong></span> <span class='ocrx_word' id='word_1_131' title='bbox 579 2543 632 2597; x_wconf 90' lang='lat' dir='ltr'><strong>Sed</strong></span> <span class='ocrx_word' id='word_1_132' title='bbox 649 2546 789 2596; x_wconf 86' lang='lat' dir='ltr'><strong>Burmann.</strong></span> <span class='ocrx_word' id='word_1_133' title='bbox 808 2549 835 2593; x_wconf 87' lang='lat' dir='ltr'><strong>et</strong></span> <span class='ocrx_word' id='word_1_134' title='bbox 846 2539 963 2594; x_wconf 84' lang='lat' dir='ltr'><strong>Cassitus</strong></span> <span class='ocrx_word' id='word_1_135' title='bbox 979 2541 1154 2614; x_wconf 57' lang='lat' dir='ltr'><strong>praefirm-</strong></span> <span class='ocrx_word' id='word_1_136' title='bbox 1165 2561 1199 2596; x_wconf 87' lang='lat' dir='ltr'><strong>v.</strong></span> 
     </span>
     <span class='ocr_line' id='line_1_25' title="bbox 208 2607 1199 2679; baseline 0.005 -21"><span class='ocrx_word' id='word_1_137' title='bbox 208 2623 249 2659; x_wconf 83' lang='lat'><strong>12.</strong></span> <span class='ocrx_word' id='word_1_138' title='bbox 266 2607 335 2658; x_wconf 86' lang='lat' dir='ltr'><strong>Cod.</strong></span> <span class='ocrx_word' id='word_1_139' title='bbox 356 2611 505 2674; x_wconf 81' lang='lat' dir='ltr'><strong>Quaestum</strong></span> <span class='ocrx_word' id='word_1_140' title='bbox 514 2611 612 2679; x_wconf 67' lang='lat' dir='ltr'><strong>firm</strong></span> <span class='ocrx_word' id='word_1_141' title='bbox 629 2615 745 2664; x_wconf 87' lang='lat' dir='ltr'><strong>Cassitus</strong></span> <span class='ocrx_word' id='word_1_142' title='bbox 764 2611 890 2662; x_wconf 85' lang='lat' dir='ltr'><strong>emendat</strong></span> <span class='ocrx_word' id='word_1_143' title='bbox 910 2611 944 2660; x_wconf 87' lang='lat' dir='ltr'><strong>ad</strong></span> <span class='ocrx_word' id='word_1_144' title='bbox 963 2613 1123 2679; x_wconf 83' lang='lat' dir='ltr'><strong>explendum</strong></span> <span class='ocrx_word' id='word_1_145' title='bbox 1135 2629 1199 2663; x_wconf 82' lang='lat' dir='ltr'><strong>ver·</strong></span> 
     </span>
     <span class='ocr_line' id='line_1_26' title="bbox 204 2673 1199 2750; baseline 0.004 -24"><span class='ocrx_word' id='word_1_146' title='bbox 204 2692 263 2726; x_wconf 88' lang='lat' dir='ltr'><strong>sum</strong></span> <span class='ocrx_word' id='word_1_147' title='bbox 280 2673 403 2743; x_wconf 68' lang='lat' dir='ltr'><strong>desum</strong></span> <span class='ocrx_word' id='word_1_148' title='bbox 424 2679 566 2730; x_wconf 91' lang='lat' dir='ltr'><strong>lannellius</strong></span> <span class='ocrx_word' id='word_1_149' title='bbox 590 2680 709 2750; x_wconf 48' lang='lat' dir='ltr'><strong>refirma</strong></span> <span class='ocrx_word' id='word_1_150' title='bbox 734 2679 843 2731; x_wconf 81' lang='lat' dir='ltr'><strong>Rothius</strong></span> <span class='ocrx_word' id='word_1_151' title='bbox 865 2678 965 2731; x_wconf 85' lang='lat' dir='ltr'><strong>edidit:</strong></span> <span class='ocrx_word' id='word_1_152' title='bbox 993 2682 1027 2728; x_wconf 87' lang='lat' dir='ltr'><strong>In</strong></span> <span class='ocrx_word' id='word_1_153' title='bbox 1051 2691 1199 2750; x_wconf 84' lang='lat' dir='ltr'><strong>quaestum</strong></span> 
     </span>
     <span class='ocr_line' id='line_1_27' title="bbox 206 2742 1201 2812; baseline 0.008 -20"><span class='ocrx_word' id='word_1_154' title='bbox 206 2742 296 2812; x_wconf 77' lang='lat' dir='ltr'><strong>firre.</strong></span> <span class='ocrx_word' id='word_1_155' title='bbox 313 2771 348 2782; x_wconf 89' lang='lat'>-</span> <span class='ocrx_word' id='word_1_156' title='bbox 364 2761 394 2795; x_wconf 87' lang='lat' dir='ltr'><strong>v.</strong></span> <span class='ocrx_word' id='word_1_157' title='bbox 413 2743 453 2810; x_wconf 66' lang='lat'><strong>14.</strong></span> <span class='ocrx_word' id='word_1_158' title='bbox 467 2747 508 2797; x_wconf 83' lang='lat' dir='ltr'><strong>Ita</strong></span> <span class='ocrx_word' id='word_1_159' title='bbox 520 2749 587 2802; x_wconf 84' lang='lat' dir='ltr'><strong>eod.</strong></span> <span class='ocrx_word' id='word_1_160' title='bbox 602 2749 711 2800; x_wconf 87' lang='lat' dir='ltr'><strong>Bothius</strong></span> <span class='ocrx_word' id='word_1_161' title='bbox 732 2749 795 2800; x_wconf 78' lang='lat' dir='ltr'><strong>Viae</strong></span> <span class='ocrx_word' id='word_1_162' title='bbox 812 2746 905 2797; x_wconf 81' lang='lat' dir='ltr'><strong>labore</strong></span> <span class='ocrx_word' id='word_1_163' title='bbox 925 2759 1032 2798; x_wconf 79' lang='lat' dir='ltr'><strong>teneros</strong></span> <span class='ocrx_word' id='word_1_164' title='bbox 1050 2767 1083 2798; x_wconf 82' lang='lat' dir='ltr'><strong>ne</strong></span> <span class='ocrx_word' id='word_1_165' title='bbox 1103 2747 1201 2800; x_wconf 78' lang='lat' dir='ltr'><strong>laedat</strong></span> 
     </span>
     <span class='ocr_line' id='line_1_28' title="bbox 202 2810 1198 2885; baseline 0.004 -24"><span class='ocrx_word' id='word_1_166' title='bbox 202 2810 294 2882; x_wconf 80' lang='lat' dir='ltr'><strong>pedes.</strong></span> <span class='ocrx_word' id='word_1_167' title='bbox 314 2839 347 2850; x_wconf 91' lang='lat'>-</span> <span class='ocrx_word' id='word_1_168' title='bbox 362 2829 391 2862; x_wconf 85' lang='lat' dir='ltr'><strong>o.</strong></span> <span class='ocrx_word' id='word_1_169' title='bbox 412 2829 451 2879; x_wconf 85' lang='lat'><strong>¹9·</strong></span> <span class='ocrx_word' id='word_1_170' title='bbox 466 2815 506 2864; x_wconf 87' lang='lat' dir='ltr'><strong>Ita</strong></span> <span class='ocrx_word' id='word_1_171' title='bbox 520 2816 637 2867; x_wconf 88' lang='lat' dir='ltr'><strong>Bothius.</strong></span> <span class='ocrx_word' id='word_1_172' title='bbox 658 2816 726 2867; x_wconf 93' lang='lat' dir='ltr'><strong>Cod.</strong></span> <span class='ocrx_word' id='word_1_173' title='bbox 744 2823 811 2867; x_wconf 86' lang='lat' dir='ltr'><strong>teste</strong></span> <span class='ocrx_word' id='word_1_174' title='bbox 828 2816 973 2877; x_wconf 87' lang='lat' dir='ltr'><strong>lannellio:</strong></span> <span class='ocrx_word' id='word_1_175' title='bbox 994 2816 1023 2865; x_wconf 87' lang='lat' dir='ltr'><em>E</em></span> <span class='ocrx_word' id='word_1_176' title='bbox 1033 2814 1198 2885; x_wconf 76' lang='lat' dir='ltr'><strong>.jitso..ep.</strong></span> 
     </span>
     <span class='ocr_line' id='line_1_29' title="bbox 204 2878 1198 2952; baseline 0.002 -22"><span class='ocrx_word' id='word_1_177' title='bbox 204 2878 461 2935; x_wconf 82' lang='lat' dir='ltr'><strong>d.s......d.s.</strong></span> <span class='ocrx_word' id='word_1_178' title='bbox 498 2919 524 2932; x_wconf 91' lang='lat'><strong>..</strong></span> <span class='ocrx_word' id='word_1_179' title='bbox 543 2885 614 2936; x_wconf 90' lang='lat' dir='ltr'><strong>unde</strong></span> <span class='ocrx_word' id='word_1_180' title='bbox 631 2887 687 2952; x_wconf 86' lang='lat' dir='ltr'><strong>ipse</strong></span> <span class='ocrx_word' id='word_1_181' title='bbox 703 2885 780 2935; x_wconf 83' lang='lat' dir='ltr'><strong>lecit:</strong></span> <span class='ocrx_word' id='word_1_182' title='bbox 798 2881 898 2950; x_wconf 83' lang='lat' dir='ltr'><strong>Effltso</strong></span> <span class='ocrx_word' id='word_1_183' title='bbox 916 2883 1040 2952; x_wconf 84' lang='lat' dir='ltr'><strong>trepidos</strong></span> <span class='ocrx_word' id='word_1_184' title='bbox 1056 2885 1149 2952; x_wconf 84' lang='lat' dir='ltr'><strong>pulsat</strong></span> <span class='ocrx_word' id='word_1_185' title='bbox 1169 2895 1198 2932; x_wconf 87' lang='lat' dir='ltr'><strong>et</strong></span> 
     </span>
     <span class='ocr_line' id='line_1_30' title="bbox 205 2945 1197 3020; baseline 0.005 -23"><span class='ocrx_word' id='word_1_186' title='bbox 205 2965 296 2999; x_wconf 83' lang='lat' dir='ltr'><strong>omnes</strong></span> <span class='ocrx_word' id='word_1_187' title='bbox 318 2945 387 2998; x_wconf 82' lang='lat' dir='ltr'><strong>dissi</strong></span> <span class='ocrx_word' id='word_1_188' title='bbox 404 2960 441 3000; x_wconf 82' lang='lat' dir='ltr'><strong>at.</strong></span> <span class='ocrx_word' id='word_1_189' title='bbox 482 2952 588 3004; x_wconf 84' lang='lat' dir='ltr'><strong>assitus:</strong></span> <span class='ocrx_word' id='word_1_190' title='bbox 616 2950 716 3020; x_wconf 77' lang='lat' dir='ltr'><strong>Effusa</strong></span> <span class='ocrx_word' id='word_1_191' title='bbox 734 2963 759 3000; x_wconf 85' lang='lat' dir='ltr'><strong>et</strong></span> <span class='ocrx_word' id='word_1_192' title='bbox 793 2951 865 3001; x_wconf 72' lang='lat' dir='ltr'><strong>lucio</strong></span> <span class='ocrx_word' id='word_1_193' title='bbox 881 2950 964 3002; x_wconf 84' lang='lat' dir='ltr'><strong>densa</strong></span> <span class='ocrx_word' id='word_1_194' title='bbox 981 2963 1096 3002; x_wconf 82' lang='lat' dir='ltr'><strong>cunctos</strong></span> <span class='ocrx_word' id='word_1_195' title='bbox 1114 2951 1197 3002; x_wconf 77' lang='lat' dir='ltr'><strong>dissi·</strong></span> 
     </span>
     <span class='ocr_line' id='line_1_31' title="bbox 202 2969 1197 3088; baseline 0 -20"><span class='ocrx_word' id='word_1_196' title='bbox 202 3027 267 3087; x_wconf 84' lang='lat' dir='ltr'><strong>put,</strong></span> <span class='ocrx_word' id='word_1_197' title='bbox 285 3023 312 3070; x_wconf 80' lang='lat' dir='ltr'><strong>et</strong></span> <span class='ocrx_word' id='word_1_198' title='bbox 326 3016 355 3066; x_wconf 83' lang='lat' dir='ltr'><strong>in</strong></span> <span class='ocrx_word' id='word_1_199' title='bbox 388 3016 471 3070; x_wconf 86' lang='lat' dir='ltr'><strong>d.IV.</strong></span> <span class='ocrx_word' id='word_1_200' title='bbox 484 3017 584 3085; x_wconf 80' lang='lat' dir='ltr'><strong>Effusa</strong></span> <span class='ocrx_word' id='word_1_201' title='bbox 602 3032 627 3069; x_wconf 86' lang='lat' dir='ltr'><strong>et</strong></span> <span class='ocrx_word' id='word_1_202' title='bbox 643 3021 738 3088; x_wconf 83' lang='lat' dir='ltr'><strong>pluvio</strong></span> <span class='ocrx_word' id='word_1_203' title='bbox 756 2969 870 3088; x_wconf 47' lang='lat' dir='ltr'><strong>speique</strong></span> <span class='ocrx_word' id='word_1_204' title='bbox 887 3031 1002 3070; x_wconf 87' lang='lat' dir='ltr'><strong>cunctos</strong></span> <span class='ocrx_word' id='word_1_205' title='bbox 1020 3018 1149 3088; x_wconf 74' lang='lat' dir='ltr'><strong>dissipm.</strong></span> <span class='ocrx_word' id='word_1_206' title='bbox 1162 3049 1197 3060; x_wconf 91' lang='lat'>—</span> 
     </span>
     <span class='ocr_line' id='line_1_32' title="bbox 203 3084 1195 3155; baseline 0.008 -23"><span class='ocrx_word' id='word_1_207' title='bbox 203 3099 234 3134; x_wconf 86' lang='lat' dir='ltr'><strong>v.</strong></span> <span class='ocrx_word' id='word_1_208' title='bbox 251 3084 377 3136; x_wconf 79' lang='lat'>21-23.</span> <span class='ocrx_word' id='word_1_209' title='bbox 394 3085 434 3136; x_wconf 86' lang='lat' dir='ltr'><strong>Ita</strong></span> <span class='ocrx_word' id='word_1_210' title='bbox 451 3089 567 3140; x_wconf 85' lang='lat' dir='ltr'><strong>restituit</strong></span> <span class='ocrx_word' id='word_1_211' title='bbox 577 3088 700 3140; x_wconf 86' lang='lat' dir='ltr'><strong>Cassitus.</strong></span> <span class='ocrx_word' id='word_1_212' title='bbox 719 3087 826 3139; x_wconf 89' lang='lat' dir='ltr'><strong>Codicis</strong></span> <span class='ocrx_word' id='word_1_213' title='bbox 844 3087 914 3140; x_wconf 90' lang='lat' dir='ltr'><strong>hunc</strong></span> <span class='ocrx_word' id='word_1_214' title='bbox 932 3090 1024 3139; x_wconf 90' lang='lat' dir='ltr'><strong>locum</strong></span> <span class='ocrx_word' id='word_1_215' title='bbox 1037 3091 1195 3155; x_wconf 87' lang='lat' dir='ltr'><strong>itareprae·</strong></span> 
     </span>
     <span class='ocr_line' id='line_1_33' title="bbox 204 3153 1195 3226; baseline 0.004 -24"><span class='ocrx_word' id='word_1_216' title='bbox 204 3153 453 3208; x_wconf 78' lang='lat' dir='ltr'><strong>sentatlanuellius:</strong></span> <span class='ocrx_word' id='word_1_217' title='bbox 472 3156 579 3206; x_wconf 73' lang='lat' dir='ltr'><strong>Asellus</strong></span> <span class='ocrx_word' id='word_1_218' title='bbox 593 3155 973 3226; x_wconf 80' lang='lat' dir='ltr'><strong>notump..xim...s.b..</strong></span> <span class='ocrx_word' id='word_1_219' title='bbox 992 3156 1104 3207; x_wconf 72' lang='lat' dir='ltr'><strong>Eteoee</strong></span> <span class='ocrx_word' id='word_1_220' title='bbox 1118 3173 1195 3224; x_wconf 74' lang='lat' dir='ltr'><strong>tuag-</strong></span> 
     </span>
     <span class='ocr_line' id='line_1_34' title="bbox 191 3221 1195 3294; baseline 0.002 -24"><span class='ocrx_word' id='word_1_221' title='bbox 191 3235 314 3270; x_wconf 64' lang='lat' dir='ltr'><strong>‘nasese</strong></span> <span class='ocrx_word' id='word_1_222' title='bbox 335 3221 549 3274; x_wconf 80' lang='lat' dir='ltr'><strong>vem&#39;..em....</strong></span> <span class='ocrx_word' id='word_1_223' title='bbox 570 3225 746 3274; x_wconf 82' lang='lat' dir='ltr'><strong>Procurrunt</strong></span> <span class='ocrx_word' id='word_1_224' title='bbox 766 3225 853 3294; x_wconf 82' lang='lat' dir='ltr'><strong>pueri</strong></span> <span class='ocrx_word' id='word_1_225' title='bbox 872 3221 1195 3292; x_wconf 82' lang='lat' dir='ltr'><strong>p..c..um..ff....,·</strong></span> 
     </span>
     <span class='ocr_line' id='line_1_35' title="bbox 205 3290 1195 3361; baseline 0.001 -22"><span class='ocrx_word' id='word_1_226' title='bbox 205 3294 285 3353; x_wconf 82' lang='lat' dir='ltr'><strong>atque</strong></span> <span class='ocrx_word' id='word_1_227' title='bbox 306 3290 420 3340; x_wconf 84' lang='lat' dir='ltr'><strong>restituit</strong></span> <span class='ocrx_word' id='word_1_228' title='bbox 438 3309 454 3342; x_wconf 88' lang='lat' dir='ltr'><strong>a</strong></span> <span class='ocrx_word' id='word_1_229' title='bbox 472 3291 574 3342; x_wconf 87' lang='lat' dir='ltr'><strong>Cassito</strong></span> <span class='ocrx_word' id='word_1_230' title='bbox 597 3293 738 3344; x_wconf 86' lang='lat' dir='ltr'><strong>recedens.</strong></span> <span class='ocrx_word' id='word_1_231' title='bbox 758 3321 792 3333; x_wconf 90' lang='lat'>-</span> <span class='ocrx_word' id='word_1_232' title='bbox 809 3309 838 3342; x_wconf 84' lang='lat' dir='ltr'><strong>v.</strong></span> <span class='ocrx_word' id='word_1_233' title='bbox 857 3309 898 3344; x_wconf 82' lang='lat' dir='ltr'><strong>ar.</strong></span> <span class='ocrx_word' id='word_1_234' title='bbox 915 3294 1070 3361; x_wconf 79' lang='lat' dir='ltr'><strong>proximum</strong></span> <span class='ocrx_word' id='word_1_235' title='bbox 1096 3303 1195 3341; x_wconf 84' lang='lat' dir='ltr'><strong>tectum</strong></span> 
     </span>
     <span class='ocr_line' id='line_1_36' title="bbox 205 3356 1195 3426; baseline 0.002 -20"><span class='ocrx_word' id='word_1_236' title='bbox 205 3363 234 3406; x_wconf 90' lang='lat' dir='ltr'><strong>et</strong></span> <span class='ocrx_word' id='word_1_237' title='bbox 248 3369 278 3403; x_wconf 84' lang='lat' dir='ltr'><strong>v.</strong></span> <span class='ocrx_word' id='word_1_238' title='bbox 294 3356 335 3406; x_wconf 80' lang='lat'><strong>23.</strong></span> <span class='ocrx_word' id='word_1_239' title='bbox 352 3357 474 3422; x_wconf 84' lang='lat' dir='ltr'><strong>pulcram</strong></span> <span class='ocrx_word' id='word_1_240' title='bbox 492 3358 640 3426; x_wconf 81' lang='lat' dir='ltr'><strong>affirmant.</strong></span> <span class='ocrx_word' id='word_1_241' title='bbox 657 3389 691 3399; x_wconf 91' lang='lat'><em>-</em></span> <span class='ocrx_word' id='word_1_242' title='bbox 713 3378 743 3410; x_wconf 90' lang='lat' dir='ltr'><strong>v.</strong></span> <span class='ocrx_word' id='word_1_243' title='bbox 763 3358 802 3425; x_wconf 74' lang='grc'><strong>14.</strong></span> <span class='ocrx_word' id='word_1_244' title='bbox 822 3359 907 3410; x_wconf 81' lang='lat' dir='ltr'><strong>...dc</strong></span> <span class='ocrx_word' id='word_1_245' title='bbox 924 3359 1033 3410; x_wconf 83' lang='lat' dir='ltr'><strong>domino</strong></span> <span class='ocrx_word' id='word_1_246' title='bbox 1039 3377 1050 3420; x_wconf 91' lang='lat'><em>;</em></span> <span class='ocrx_word' id='word_1_247' title='bbox 1077 3361 1195 3410; x_wconf 85' lang='lat' dir='ltr'><strong>restituit</strong></span> 
     </span>
     <span class='ocr_line' id='line_1_37' title="bbox 205 3422 1193 3494; baseline 0.004 -22"><span class='ocrx_word' id='word_1_248' title='bbox 205 3422 330 3472; x_wconf 83' lang='lat' dir='ltr'><strong>Cassitus.</strong></span> <span class='ocrx_word' id='word_1_249' title='bbox 348 3451 381 3464; x_wconf 80' lang='lat'><em>-</em></span> <span class='ocrx_word' id='word_1_250' title='bbox 400 3440 428 3472; x_wconf 85' lang='lat' dir='ltr'><strong>v.</strong></span> <span class='ocrx_word' id='word_1_251' title='bbox 448 3441 489 3491; x_wconf 79' lang='lat'><strong>29.</strong></span> <span class='ocrx_word' id='word_1_252' title='bbox 506 3429 546 3476; x_wconf 89' lang='lat' dir='ltr'><strong>Ita</strong></span> <span class='ocrx_word' id='word_1_253' title='bbox 563 3428 631 3478; x_wconf 91' lang='lat' dir='ltr'><strong>Cod.</strong></span> <span class='ocrx_word' id='word_1_254' title='bbox 650 3437 717 3480; x_wconf 89' lang='lat' dir='ltr'><strong>teste</strong></span> <span class='ocrx_word' id='word_1_255' title='bbox 735 3428 879 3494; x_wconf 79' lang='lat' dir='ltr'><strong>lannelli03</strong></span> <span class='ocrx_word' id='word_1_256' title='bbox 897 3430 1015 3494; x_wconf 84' lang='lat' dir='ltr'><strong>itemque</strong></span> <span class='ocrx_word' id='word_1_257' title='bbox 1033 3428 1097 3494; x_wconf 80' lang='lat' dir='ltr'><strong>legit</strong></span> <span class='ocrx_word' id='word_1_258' title='bbox 1107 3427 1193 3480; x_wconf 83' lang='lat' dir='ltr'><strong>Cassi·</strong></span> 
     </span>
     <span class='ocr_line' id='line_1_38' title="bbox 206 3487 1050 3563; baseline 0 -19"><span class='ocrx_word' id='word_1_259' title='bbox 206 3498 257 3545; x_wconf 75' lang='lat' dir='ltr'><strong>tus.</strong></span> <span class='ocrx_word' id='word_1_260' title='bbox 276 3487 330 3540; x_wconf 88' lang='lat' dir='ltr'><strong>Sed</strong></span> <span class='ocrx_word' id='word_1_261' title='bbox 347 3487 455 3542; x_wconf 68' lang='lat' dir='ltr'><strong>sothim</strong></span> <span class='ocrx_word' id='word_1_262' title='bbox 473 3509 505 3546; x_wconf 78' lang='lat' dir='ltr'><strong>ex</strong></span> <span class='ocrx_word' id='word_1_263' title='bbox 516 3493 715 3547; x_wconf 78' lang='lat' dir='ltr'><strong>burmanniano</strong></span> <span class='ocrx_word' id='word_1_264' title='bbox 733 3496 856 3563; x_wconf 87' lang='lat' dir='ltr'><strong>exemplo</strong></span> <span class='ocrx_word' id='word_1_265' title='bbox 875 3493 1050 3547; x_wconf 87' lang='lat' dir='ltr'><strong>Sodalitotis.</strong></span> 
     </span>
    </p>
   </div>
   <div class='ocr_carea' id='block_1_5' title="bbox 0 0 1313 4002">
    <p class='ocr_par' dir='ltr' id='par_1_5' title="bbox 0 0 1313 4002">
     <span class='ocr_line' id='line_1_39' title="bbox 0 0 1313 4002; baseline 0 0"><span class='ocrx_word' id='word_1_266' title='bbox 0 0 1313 4002; x_wconf 95' lang='lat' dir='ltr'><strong> </strong></span> 
     </span>
    </p>
   </div>
  </div>
 </body>
</html>
