2678 3978
208 405 253 474 vl
280 437 286 445 ·
411 437 415 454 ·
593 429 672 474 νισι
694 430 851 476 rursum.
886 434 893 448 ¹

313 569 440 622 Thretsso
458 585 601 640 cum-gens
618 584 740 627 numeret
757 583 882 640 auctores
899 588 980 636 suos,

308 660 433 730 Linoque
450 662 548 730 Apollo
565 664 603 715 sit
617 675 732 732 parens,
750 663 834 714 Μιιια
853 662 971 731 Orpheo.

286 749 412 835 Quibus
435 749 554 812 addunt
573 751 681 815 locum
702 750 934 820 Strabonist
956 752 993 835 d)
1026 743 1102 813 Ἀπό
1119 746 1154 813 di
1174 750 1216 813 tri

206 840 322 928 μέλος,
351 850 404 908 καὶ
425 843 461 906 ti
483 842 610 926 ῥυθμῦ,
638 844 691 908 κοὶι
711 847 773 906 τοῖν
793 841 958 927 ὀργάνων,
981 842 1037 907 και
1058 841 1077 926 ἡ
1100 841 1214 923 {recturi

205 944 295 1006 πᾶσα
318 945 444 1025 Uocula
472 947 527 1005 rol
552 939 695 1026 Ἀσιοῖτις
722 938 901 1012 νενόμισται
928 943 1028 1023 ’δῆλον
1058 942 1086 1002 d'
1116 945 1149 1003 όκ
1177 957 1215 1000 ‘cs

205 1031 408 1112 eductione,
438 1038 470 1100 ἐν
498 1037 544 1112 οῖς
568 1039 602 1098 αἱ
622 1041 739 1103 Μόσαι
759 1042 953 1119 τικόμηνται.
991 1040 1106 1122 Πιερῖα
1128 1035 1215 1118 yolo,

205 1131 260 1198 κόι
274 1133 450 1215 Ὄλυμπος,
477 1131 529 1198 uois
551 1137 705 1214 Ilipula,
736 1131 790 1197 και
810 1136 990 1214 Λιίβηθρον
1010 1131 1045 1196 τό
1069 1132 1216 1198 παλαιόν

204 1222 245 1308 ἦν
266 1225 392 1310 &odero
414 1234 517 1313 χωρία
540 1227 595 1292 κα“ι
619 1232 676 1310 ὅρη
700 1243 761 1292 etc.
783 1251 823 1294 ex
845 1255 908 1318 quo
924 1232 1063 1316 probare
1082 1231 1217 1296 student

204 1329 343 1394 Pieriam
363 1343 568 1415 montemque
582 1329 724 1391 Pierium
740 1329 816 1390 olim
831 1325 931 1388 fuisse
946 1330 1109 1410 regionem
1123 1350 1216 1392 mon-

203 1436 335 1510 temque
356 1424 521 1486 Thraciae.
566 1426 611 1487 At
629 1427 750 1487 rectius
767 1425 936 1486 Phaedrus
956 1426 1141 1488 Macedonia
1159 1448 1215 1487 or·
1275 1495 1280 1506 .

203 1533 256 1584 tus
277 1520 377 1584 fuisse
399 1521 551 1584 creditur.¹
587 1522 657 1584 Etsi
679 1521 762 1582 enim
789 1522 901 1602 priscis
928 1521 1126 1602 temporibus
1157 1516 1212 1604 (τό

204 1613 360 1700 παλαιόν)
383 1637 473 1679 mons
496 1619 620 1681 Pierius
640 1617 796 1680 Thraciae
825 1614 888 1677 fuit
916 1615 1110 1696 adscriptus3
1137 1615 1215 1676 sub-

163 1735 166 1740 ·
204 1715 350 1800 sequenti
362 1727 468 1777 tamen
482 1728 630 1799 tempore
646 1715 844 1778 incolebatur
857 1710 1215 1789 aMacedonibus‚tcste

203 1812 320 1874 eodem
334 1812 390 1874 illo
403 1811 579 1892 Strabone,
601 1813 656 1898 qui
674 1810 781 1875 verbis
796 1811 904 1893 paullo
920 1822 992 1871 ante
1008 1808 1118 1888 citatis,
1131 1808 1214 1872 haec

203 1907 364 1991 subiungit
371 1930 381 1988 3
402 1909 458 1968 νῦν
480 1908 514 1969 δὲ
530 1911 621 1988 ἓχοσι
636 1905 845 1995 Μακεδόνες,
868 1923 950 1988 quae
966 1904 1095 1986 quidem
1112 1905 1214 1969 verbu
1243 1927 1247 1934 ·

203 2001 390 2064 Schefferus
413 2004 552 2065 reticuit.
593 2004 701 2086 Atque
726 2005 819 2064 etiam
841 2022 913 2063 cum
933 2000 1152 2062 Pausanias
1173 1999 1210 2080 e)

203 2109 450 2176 commemoret,
470 2095 569 2158 fuisse
591 2097 666 2158 olim
681 2095 785 2176 Pieri,
803 2097 1003 2175 Macedonis,
1024 2114 1141 2156 nomen
1155 2092 1213 2155 uni

202 2211 224 2254 ο
245 2192 450 2256 Macedoniae
470 2194 629 2258 montibus
649 2193 799 2272 inditum3
820 2193 979 2255 Plinius
1002 2188 1153 2268 autemf)
1176 2199 1212 2251 et

201 2287 307 2358 Mela
333 2287 370 2373 g)
401 2290 540 2354 Pieriam
565 2290 728 2373 appellent
750 2289 956 2353 Macedoniae
969 2289 1002 2373 l)
1024 2289 1210 2374 regionem3

217 2419 405 2438 *—

252 2485 283 2555 d)
304 2483 458 2554 Geo'graph.
475 2487 506 2536 L.
525 2486 559 2536 Χ.
579 2503 606 2554 p.
627 2500 685 2552 722.
703 2485 774 2538 Edit.
793 2488 904 2540 Amstel.
926 2504 1001 2556 1707.
1020 2487 1038 2540 s.

252 2567 279 2638 e)
297 2571 431 2637 Descript.
451 2569 548 2620 Graec.
567 2571 598 2619 L.
617 2567 665 2618 IX.
686 2570 751 2638 Cap.
771 2587 813 2638 29.
833 2575 864 2623 T.
883 2575 928 2624 ΙΙΙ.
939 2593 966 2642 p.
979 2576 1021 2626 88.
1037 2589 1069 2624 ex
1083 2567 1154 2622 Edit.
1165 2569 1206 2622 Cl.

199 2643 290 2704 Facit.
306 2631 426 2714 Χρόνον
447 2633 481 2695 δὲ
489 2677 498 2708 ,
532 2629 662 2710 όςτερόν
683 2655 766 2712 φασι
792 2639 905 2717 Πίερον
929 2634 1125 2711 Μακεδόνα,
1152 2632 1205 2716 ἀφ’

201 2714 222 2776 ἔ
243 2713 298 2776 κα“ι
313 2707 504 2777 Μακεδόσιν
525 2711 705 2790 ὠνόμασται
730 2710 765 2774 τό
788 2712 880 2794 όρος,
912 2717 1021 2789 νότον,
1050 2710 1206 2789 ἐλθόντα,

201 2793 239 2865 tt
260 2791 421 2871 Θεστιός,
449 2789 537 2858 ἐννέα
559 2811 591 2852 τε
612 2788 737 2862 Μέσας
757 2790 1061 2878 καταστήσασθαι,
1091 2795 1148 2857 κᾶν
1167 2789 1209 2857 tu*

199 2867 345 2950 dripere
367 2871 407 2933 ια’
430 2875 486 2937 νῦν
512 2870 726 2950 μεταθέσθαι
747 2876 850 2958 σφίσι.

250 2972 274 3042 s)
292 2975 357 3024 Hist.
376 2974 436 3024 Nat.
452 2972 575 3042 Liutv.
595 2971 625 3022 C.
647 2985 687 3023 ιο.
815 3031 818 3038 Ι

250 3055 279 3126 g)
296 3057 337 3107 De
354 3057 412 3107 Situ
431 3057 497 3106 Orb.
516 3056 577 3105 Lib.
595 3056 628 3108 11.
646 3057 677 3112 C.
698 3057 723 3109 ³.
741 3056 793 3108 Hic
812 3056 852 3126 (in
869 3055 1042 3126 Macedonia)
1062 3057 1207 3108 Musarum

196 3140 300 3201 parcns
320 3123 467 3192 dornusque
483 3123 583 3174 Pierio.

251 3204 277 3274 *)
299 3205 408 3260 Plenius
425 3209 455 3258 H.
472 3209 506 3258 N.
523 3208 582 3258 Lib.
600 3207 647 3258 IV.
667 3206 698 3258 C.
716 3207 743 3262 8.
767 3208 831 3258 coll.
856 3213 913 3255 not.
936 3206 955 3256 s.
980 3206 1064 3258 refert
1086 3197 1207 3256 montem

198 3273 307 3327 Pierum
325 3273 358 3324 ad
377 3273 548 3328 Thessaliam.
566 3276 639 3327 Dicit
656 3275 740 3328 enim:
759 3275 879 3334 Pherae,
897 3290 1015 3343 quarum
1026 3290 1043 3322 a
1055 3284 1133 3340 tergo
1144 3273 1207 3322 Pie·

200 3357 250 3396 rus
269 3341 309 3392 nd
320 3340 510 3394 Macedonium
525 3339 711 3412 protenditur.
746 3340 910 3394 Auctoribus
927 3341 1002 3390 Melo
1017 3340 1038 3390 1.
1058 3358 1082 3391 c.
1102 3349 1128 3392 et
1148 3339 1207 3390 Cel·

200 3407 275 3466 inrio
294 3409 361 3462 Orb.
381 3409 443 3459 Ant.
463 3412 495 3460 T.
515 3410 535 3462 1.
556 3428 583 3478 p.
603 3411 664 3461 836.
684 3411 748 3460 coll.
766 3409 857 3474 Mapp.
875 3409 975 3475 Geogr.
995 3425 1022 3476 p.
1041 3409 1100 3458 828.
1119 3407 1207 3457 Pieria

201 3475 253 3532 urit
268 3476 406 3556 provincie
423 3477 616 3544 Macedonise3
635 3493 713 3529 mons
729 3483 820 3530 eutem
837 3475 931 3528 Pinus
948 3476 1013 3528 situs
1030 3483 1087 3528 erat
1098 3476 1127 3526 in
1139 3490 1206 3526 cou-
