2610 4002
237 521 291 582 130
569 541 716 584 rancori
741 543 892 586 mactat

232 679 414 754 Lubenter,
438 682 555 766 inquit,
576 705 646 746 mea
669 667 740 762 qu,
761 685 840 746 hano
864 649 978 746 vocem
996 681 1113 766 audid,

153 773 159 788 ·
232 761 301 818 Non
321 760 409 842 quod
430 759 550 843 fidelis,
575 765 632 826 sed
654 765 741 850 quod
761 764 896 828 iucunda
921 778 969 850 est
991 769 1078 830 mihi.

611 1060 690 1107 ran.
713 1041 887 1106 XXVIII.-

571 1177 591 1227 F
643 1177 657 1226 Ι
706 1177 726 1228 Β
778 1181 807 1240 E,
853 1179 883 1229 R.

233 1285 325 1345 Multi
345 1293 496 1358 viverent,
519 1297 546 1349 si
566 1287 672 1348 salinis
692 1297 798 1363 gratia
816 1303 908 1374 parvi
918 1295 1060 1374 sanarent
1074 1292 1218 1370 fortunas.

233 1411 333 1490 Canes
355 1411 501 1551 effupcre
521 1431 618 1496 quum
640 1415 709 1478 iam'
723 1439 787 1478 non
807 1419 891 1501 potis
917 1434 967 1482 est
985 1419 1086 1496 fibe1'3
1118 1495 1119 1500 ἵ

273 1492 406 1571 (Graeci
440 1512 576 1574 oquaces
597 1517 694 1578 quem
716 1498 865 1560 dixerunt
885 1501 1069 1576 Castorem,

231 1572 274 1630 Et
294 1571 475 1632 indiderunt
498 1571 618 1636 hestiae
638 1598 753 1640 nomen
777 1580 856 1656 Dei,

231 1651 297 1725 llIi,
321 1652 376 1736 qui
397 1653 510 1714 iactant
533 1675 567 1714 sc
588 1656 762 1719 verborum
783 1659 921 1740 copia,)'

231 1731 391 1813 Abripere
410 1753 521 1794 morsu
543 1735 649 1796 fertur
669 1741 833 1800 testiculos
858 1739 935 1819 sihi,

230 1811 314 1950 guia
335 1825 471 1894 propter
492 1815 563 1876 illos
587 1819 699 1879 sentiat
723 1835 792 1880 sese
813 1821 890 1900 peti.

264 1892 344 1952 itina
364 1893 451 1976 quod
474 1895 598 1970 ratione
618 1895 689 1959 fieri
708 1922 771 1962 non
790 1920 915 1982 negem,

172 1987 175 1994 ’
230 1971 372 2033 Venator
393 1995 528 2056 namque
549 1977 641 2037 simul
665 1979 785 2042 invenit
804 1981 997 2062 remedium,

231 2049 359 2110 Omittit
382 2052 451 2132 ipse
473 2058 640 2140 persequi,
662 2072 694 2119 et
716 2074 810 2121 vocat
831 2081 931 2138 canes.

271 2131 343 2188 Hoc
363 2131 388 2189 si
406 2145 571 2208 praestare
594 2151 743 2215 possent,
765 2153 801 2200 ut
822 2162 880 2202 suo
910 2167 920 2187 κ

230 2207 360 2269 Vellent
384 2227 512 2286 carere,
533 2214 594 2272 tuti
616 2217 748 2295 posthac
773 2215 932 2283 viverent:

230 2285 325 2348 Haud
347 2287 512 2372 quisquam
532 2291 656 2356 insidias
677 2297 762 2360 nudo
783 2299 907 2363 faceret
928 2305 1067 2385 corpori.

238 2457 426 2468 -———-

229 2588 263 2598 -
284 2575 314 2607 v.
337 2555 360 2623 7.
382 2557 518 2610 Lubenter¹
537 2557 604 2614 Cod.
623 2559 733 2612 Bothius
752 2563 885 2620 Libenter.
1203 2633 1204 2638 ¹

178 2606 183 2630 I
276 2626 345 2676 Feb.
367 2627 496 2690 XXVIII,
514 2644 543 2676 v.
565 2645 587 2676 1.
606 2630 646 2678 Ita
662 2623 778 2706 Bpthins.
799 2634 867 2684 Cod.
891 2653 1004 2706 eumque
1031 2643 1116 2691 secuti
1137 2639 1215 2690 Cassi·

228 2704 271 2745 tus
291 2703 316 2745 et
334 2694 493 2745 lnnnellius:
513 2713 595 2764 qrtum
614 2699 667 2746 inm
686 2715 741 2747 non
778 2705 857 2752 osa-it.
874 2734 908 2744 -
923 2723 952 2756 v.
966 2707 1051 2770 auti
1063 2709 1214 2758 Bothiusse·
1270 2725 1271 2760 1

229 2761 346 2814 cundum
365 2764 514 2828 exemplum
534 2765 673 2814 Burmann.
708 2719 775 2817 Sos
783 2771 853 2838 apud
875 2774 1034 2826 lanncllin'm
1052 2778 1079 2825 in
1097 2777 1165 2826 Cod.
1188 2775 1216 2824 de
1270 2763 1271 2786 I

228 2831 280 2881 hac
298 2847 363 2882 voce
381 2831 439 2878 sola
456 2831 534 2880 litera
553 2833 564 2880 i
575 2839 697 2915 apparet3
716 2837 788 2887 unde
806 2839 877 2906 ipsc:
895 2843 935 2890 Hi
953 2844 1004 2913 qni
1020 2863 1047 2892 se
1067 2847 1173 2895 iactant
1188 2842 1215 2892 dc

230 2898 373 2949 verborum
392 2899 480 2964 copia.
498 2899 627 2952 Cassitus:
651 2903 724 2968 Vani
740 2907 789 2972 qai
803 2908 911 2959 iactant
930 2929 958 2960 se
978 2912 1045 2961 verb.
1063 2931 1123 2982 cop.
1144 2942 1174 2952 -
1190 2926 1215 2960 τ’·

229 2970 253 3019 5.
274 2967 402 3036 Abripere
421 2965 488 3015 Cod.
507 2969 654 3020 secundum
671 2971 845 3039 Inanellium',
871 2991 957 3046 neque
980 2983 1123 3052 arripere,
1149 2977 1215 3048 quod

228 3035 256 3085 in
275 3036 396 3102 exemplo
415 3034 502 3084 Burm.
522 3045 568 3087 est.
588 3065 621 3074 -
639 3054 668 3086 v.
687 3039 711 3088 6.
730 3059 785 3090 sese
804 3047 952 3098 emendavit
964 3049 1090 3100 Cassitns.
1102 3051 1169 3101 Cod.
1184 3065 1214 3097 se·

230 3131 264 3141 -
282 3119 312 3155 v.
331 3119 355 3168 7.
373 3104 413 3152 Ita
434 3103 526 3155 Codex
542 3111 611 3156 teste
629 3106 775 3174 Iannellio,
793 3123 843 3162 nec
862 3117 948 3166 minus
967 3115 1083 3170 Cassitus
1102 3119 1150 3168 Ed.
1174 3117 1214 3166 IV.

229 3185 291 3219 nam
312 3173 338 3219 In
362 3171 500 3238 prIoribus
520 3172 624 3222 Divino
634 3173 707 3243 fieri
728 3177 806 3245 quod
822 3193 878 3231 rat.
899 3211 929 3222 -
947 3202 976 3234 v.
995 3201 1020 3250 9.
1044 3189 1132 3256 ipsum
1151 3183 1211 3236 Cod·

230 3238 286 3305 ipse
309 3239 462 3305 scripsimus
489 3249 634 3307 praeeunte
651 3243 763 3308 Bothio,
790 3249 834 3313 qui
859 3252 938 3301 otiam
961 3255 1065 3319 longius
1086 3273 1101 3305 a
1119 3255 1213 3304 Codice

229 3303 341 3368 recedit,
358 3306 393 3353 ita
411 3307 558 3373 refingenst
578 3311 684 3359 Omittit
698 3316 835 3430 perseplzu',
855 3330 927 3370 vetat
944 3332 970 3370 et
989 3339 1079 3372 cartes.
1090 3341 1162 3372 -ν,
1180 3333 1213 3371 ιο-

229 3373 271 3421 Ita
288 3373 357 3450 Cod.
377 3379 444 3424 tene
466 3375 604 3427 Iannellio.
622 3377 747 3432 Bothius:
802 3399 834 3433 oc
854 3388 881 3436 si
899 3393 1118 3457 praestantiores
1136 3390 1211 3442 tomi·

230 3456 278 3488 1183
296 3454 337 3486 Slc
357 3454 416 3485 suo.
