2678 3978
398 502 472 560 ,mn
494 481 551 558 lll,
572 500 646 542 ran.
671 479 807 556 ala-ab.

97 641 284 703 Novissime
306 642 487 724 prolapsam
511 636 647 702 effundit
668 633 836 716 sarcinam3
937 655 941 664 “
969 646 973 654 ’
1037 659 1040 666 ·

96 723 229 785 Verum
250 721 351 798 illam,
374 741 456 805 quae
476 740 528 781 me
548 722 647 783 nutrit
669 721 796 781 admoto
817 718 928 810 ubere.

96 801 247 863 Fraudat
269 815 421 863 uenatus
443 801 541 878 lacte,
565 823 607 862 ne
631 800 713 862 desit
735 798 820 861 mihi.
840 835 881 846 -

95 884 224 942 Tamen
245 883 255 941 i
280 903 298 941 a
318 893 368 975 est
387 880 510 974 potior,
532 901 614 966 quae
634 883 667 942 te
690 881 826 962 peperit·
839 913 881 927 —
899 879 970 942 Non
985 883 1028 944 ita
1042 893 1100 944 est.
1206 913 1209 920 ·

95 960 197 1022 Unde
218 961 271 1023 illa
292 960 400 1036 scivit,
419 979 510 1043 niger
530 983 568 1025 an
589 961 677 1022 albus
697 958 869 1021 nascerer?
1063 982 1100 1024 ro

95 1041 175 1124 Age
218 1061 311 1117 orro,
337 1041 463 1101 scisset:
484 1059 582 1124 quum
605 1059 732 1102 crearer
753 1040 928 1118 masculus,

95 1063 301 1194 Benebcium
321 1142 467 1203 magnum
487 1141 560 1182 sanc
580 1121 675 1182 natali
697 1119 801 1195 dedit,

96 1202 147 1262 Ut
169 1214 386 1284 exspectarem
405 1197 521 1260 lanium
546 1201 577 1262 in
595 1203 690 1263 horas
713 1199 860 1281 singulas.

100 1281 202 1341 Cuius
224 1293 365 1364 potestas
387 1279 471 1340 nulla
490 1278 522 1340 in
542 1280 700 1376 gignendo
719 1280 799 1358 fuit,
1074 1352 1076 1358 Ι

99 1362 171 1420 Cur
189 1360 248 1422 hac
271 1360 311 1421 sit
330 1361 456 1443 potior,
478 1379 560 1444 quae
580 1359 711 1423 iacentis
730 1357 870 1421 miserita
896 1371 962 1441 ost,
1005 1409 1008 1422 t
1066 1362 1102 1424 15

98 1443 304 1525 Dulcemque
325 1451 438 1521 sponte
459 1451 599 1522 praestat
619 1437 899 1503 benevolentiam?-

100 1519 196 1582 Facit
216 1532 363 1604 parentes
384 1518 526 1597 bonitas,
550 1541 614 1582 non
633 1521 813 1582 necessitas.

144 1601 203 1661 His
222 1601 441 1662 demonstrare
460 1600 564 1663 voluit
587 1613 697 1663 auctor
718 1599 881 1677 versibus,

101 1681 272 1744 Obsistere
292 1679 436 1741 homines
458 1679 602 1762 legibus,
620 1679 740 1741 meritis
761 1679 840 1760 capi.

441 1945 444 1954 Ι
511 1941 694 2041 manvi.

368 2126 540 2181 menon
567 2127 622 2177 cr
645 2121 866 2196 notrum

101 2260 298 2328 Humanitati
317 2264 372 2348 qui
391 2283 426 2325 ae
445 2283 510 2324 non
530 2257 765 2336 accommodat,

100 2345 300 2428 Plerumque
320 2365 438 2426 poenas
460 2341 584 2425 oppetit
604 2338 784 2420 superbiae.

145 2424 260 2484 Cicada
282 2424 431 2484 acerbum
450 2435 585 2483 noctuae
607 2415 784 2481 convicium

100 2503 268 2582 Faciebat,
290 2504 401 2568 solitae
425 2503 545 2564 victum
563 2499 596 2558 in
615 2497 754 2558 tenebris
794 2515 948 2576 uaerere,

102 2584 256 2668 Cavoque
276 2605 363 2645 ramo
385 2602 499 2665 capere
521 2599 665 2640 somnum
688 2520 835 2638 interdiu.
1081 2573 1103 2636 5

101 2665 227 2746 Rogata
247 2677 315 2738 est,
334 2677 370 2726 ut
389 2675 522 2726 taceret.
562 2660 664 2720 Multo
689 2657 821 2719 validius

102 2744 249 2805 Clamare
270 2744 386 2826 coepit.
426 2745 549 2804 Rursus
570 2741 696 2802 admota
717 2757 834 2819 prece,

99 2825 245 2886 Accensa
268 2825 367 2908 magis
392 2834 450 2884 est.
490 2825 631 2898 Noctua,
651 2831 688 2880 ut
710 2818 790 2880 vidit
810 2813 876 2910 sibi·

100 2900 232 2967 Nullum
251 2925 323 2968 esse
344 2903 510 2982 auxilium,
531 2915 565 2965 et
584 2899 684 2965 verba
707 2911 878 2962 comtemm
898 2916 972 2979 sua,

101 3058 293 3073 *-

100 3171 136 3186 ·-
153 3159 184 3193 o.
204 3157 244 3194 ιι.
262 3141 332 3194 Cod.
350 3144 453 3196 Perott.
472 3146 533 3212 Ago
549 3160 637 3214 porro
643 3159 654 3206 ;
677 3158 774 3212 parere
789 3139 816 3189 si
832 3139 958 3210 voluisset
967 3134 1102 3209 seminam

102 3209 183 3280 Quid
193 3209 378 3330 properasset?
413 3230 476 3263 uum
493 3229 603 3262 crearer
619 3212 755 3263 masculos
773 3218 826 3260 etc.
1105 3209 1108 3214 ’

153 3278 222 3330 Fal.
266 3281 319 3346 Vl,
344 3282 375 3332 In
393 3229 462 3334 god,
480 3281 582 3332 Perott.
603 3281 676 3349 apud
697 3277 857 3331 Iannellium
875 3271 1100 3328 iiainscribitut:

102 3348 168 3399 Non
189 3365 245 3400 esse
262 3360 358 3416 sponte
376 3344 627 3420 nbcuifaciendom
645 3349 795 3408 iniuriam
820 3363 882 3396 nam
908 3345 958 3416 qui
979 3340 1103 3412 humani-s

102 3419 157 3469 tati
173 3435 200 3466 se
219 3433 276 3465 non
293 3417 497 3479 accommodat,
521 3416 680 3488 plerumque
700 3432 807 3486 poenos
828 3413 877 3466 dat
903 3410 1050 3482 superbiae.
1068 3433 1107 3460 -i

101 3501 131 3536 v.
148 3484 173 3552 4.
192 3483 294 3552 agebat
310 3485 382 3540 God.
400 3488 506 3539 Perott.
523 3499 576 3556 pro
586 3479 722 3555 faciebat.
739 3509 773 3526 ⁸-
790 3500 820 3536 υ.
839 3499 864 3552 p.
883 3483 1001 3535 elamma
1025 3491 1101 3528 occs-

101 3555 142 3622 pat
160 3553 230 3605 Cod.
249 3553 351 3606 Perott.
