<?xml version="1.0" encoding="UTF-8"?>
<!DOCTYPE html PUBLIC "-//W3C//DTD XHTML 1.0 Transitional//EN"
    "http://www.w3.org/TR/xhtml1/DTD/xhtml1-transitional.dtd">
<html xmlns="http://www.w3.org/1999/xhtml" xml:lang="en" lang="en">
 <head>
  <title>
</title>
<meta http-equiv="Content-Type" content="text/html;charset=utf-8" />
  <meta name='ocr-system' content='tesseract 3.04.00' />
  <meta name='ocr-capabilities' content='ocr_page ocr_carea ocr_par ocr_line ocrx_word'/>
</head>
<body>
  <div class='ocr_page' id='page_1' title='image "./phaedriaugustil00aesogoog_0013.png"; bbox 0 0 2678 3978; ppageno 0'>
   <div class='ocr_carea' id='block_1_1' title="bbox 194 371 829 455">
    <p class='ocr_par' dir='ltr' id='par_1_1' title="bbox 194 371 829 455">
     <span class='ocr_line' id='line_1_1' title="bbox 194 371 829 455; baseline -0.005 -2"><span class='ocrx_word' id='word_1_1' title='bbox 194 371 266 455; x_wconf 79' lang='lat' dir='ltr'><strong>vm</strong></span> <span class='ocrx_word' id='word_1_2' title='bbox 566 405 651 450; x_wconf 71' lang='lat' dir='ltr'><strong>vrrs</strong></span> <span class='ocrx_word' id='word_1_3' title='bbox 670 371 829 452; x_wconf 74' lang='lat' dir='ltr'><strong>rasuris.</strong></span> 
     </span>
    </p>
   </div>
   <div class='ocr_carea' id='block_1_2' title="bbox 193 541 1329 1016">
    <p class='ocr_par' dir='ltr' id='par_1_2' title="bbox 193 541 1329 1016">
     <span class='ocr_line' id='line_1_2' title="bbox 193 541 1202 636; baseline 0.002 -28"><span class='ocrx_word' id='word_1_4' title='bbox 193 541 315 636; x_wconf 69' lang='grc' dir='ltr'>θὲισῃς</span> <span class='ocrx_word' id='word_1_5' title='bbox 333 550 554 622; x_wconf 59' lang='lat' dir='ltr'><strong>Macedoniae.</strong></span> <span class='ocrx_word' id='word_1_6' title='bbox 578 550 671 635; x_wconf 83' lang='lat' dir='ltr'><strong>Quae</strong></span> <span class='ocrx_word' id='word_1_7' title='bbox 693 571 766 632; x_wconf 86' lang='lat' dir='ltr'><strong>cnm</strong></span> <span class='ocrx_word' id='word_1_8' title='bbox 788 547 831 610; x_wconf 87' lang='lat' dir='ltr'><strong>ita</strong></span> <span class='ocrx_word' id='word_1_9' title='bbox 853 547 931 625; x_wconf 89' lang='lat' dir='ltr'><strong>sint,</strong></span> <span class='ocrx_word' id='word_1_10' title='bbox 951 547 1118 609; x_wconf 83' lang='lat' dir='ltr'>Phaedrus</span> <span class='ocrx_word' id='word_1_11' title='bbox 1136 547 1202 610; x_wconf 81' lang='lat' dir='ltr'><strong>fuit</strong></span> 
     </span>
     <span class='ocr_line' id='line_1_3' title="bbox 193 644 1329 734; baseline -0.002 -26"><span class='ocrx_word' id='word_1_12' title='bbox 193 647 345 725; x_wconf 85' lang='lat' dir='ltr'>Macedo,</span> <span class='ocrx_word' id='word_1_13' title='bbox 368 668 474 730; x_wconf 85' lang='lat' dir='ltr'><strong>neque</strong></span> <span class='ocrx_word' id='word_1_14' title='bbox 497 649 611 730; x_wconf 85' lang='lat' dir='ltr'><strong>magis,</strong></span> <span class='ocrx_word' id='word_1_15' title='bbox 631 669 730 732; x_wconf 82' lang='lat' dir='ltr'><strong>quam</strong></span> <span class='ocrx_word' id='word_1_16' title='bbox 757 644 931 722; x_wconf 81' lang='lat' dir='ltr'><strong>Pindarus,</strong></span> <span class='ocrx_word' id='word_1_17' title='bbox 953 645 1072 708; x_wconf 82' lang='lat' dir='ltr'>Thebis</span> <span class='ocrx_word' id='word_1_18' title='bbox 1096 659 1200 724; x_wconf 85' lang='lat' dir='ltr'><strong>natus,</strong></span> <span class='ocrx_word' id='word_1_19' title='bbox 1328 695 1329 734; x_wconf 78' lang='lat'><strong>,</strong></span> 
     </span>
     <span class='ocr_line' id='line_1_4' title="bbox 193 737 1329 826; baseline -0.002 -22"><span class='ocrx_word' id='word_1_20' title='bbox 193 755 368 824; x_wconf 74' lang='lat' dir='ltr'><strong>propterea</strong></span> <span class='ocrx_word' id='word_1_21' title='bbox 391 742 497 804; x_wconf 83' lang='lat' dir='ltr'><strong>Thrax</strong></span> <span class='ocrx_word' id='word_1_22' title='bbox 520 742 583 803; x_wconf 89' lang='lat' dir='ltr'><strong>dici</strong></span> <span class='ocrx_word' id='word_1_23' title='bbox 602 757 720 826; x_wconf 85' lang='lat' dir='ltr'><strong>potest,</strong></span> <span class='ocrx_word' id='word_1_24' title='bbox 741 739 828 826; x_wconf 86' lang='lat' dir='ltr'><strong>quod</strong></span> <span class='ocrx_word' id='word_1_25' title='bbox 851 737 997 800; x_wconf 86' lang='lat' dir='ltr'><strong>Strabo</strong></span> <span class='ocrx_word' id='word_1_26' title='bbox 1011 741 1058 820; x_wconf 90' lang='lat' dir='ltr'><strong>m)</strong></span> <span class='ocrx_word' id='word_1_27' title='bbox 1073 742 1200 823; x_wconf 81' lang='lat' dir='ltr'><strong>scriptis</strong></span> <span class='ocrx_word' id='word_1_28' title='bbox 1253 749 1260 761; x_wconf 84' lang='grc'><strong>’</strong></span> <span class='ocrx_word' id='word_1_29' title='bbox 1328 761 1329 790; x_wconf 67' lang='lat'>1</span> 
     </span>
     <span class='ocr_line' id='line_1_5' title="bbox 194 835 1039 915; baseline 0.001 -20"><span class='ocrx_word' id='word_1_30' title='bbox 194 835 258 896; x_wconf 86' lang='lat' dir='ltr'><strong>suis</strong></span> <span class='ocrx_word' id='word_1_31' title='bbox 282 837 428 915; x_wconf 78' lang='lat' dir='ltr'><strong>tradidit,</strong></span> <span class='ocrx_word' id='word_1_32' title='bbox 449 837 589 900; x_wconf 87' lang='lat' dir='ltr'><strong>Thraces</strong></span> <span class='ocrx_word' id='word_1_33' title='bbox 606 839 681 898; x_wconf 91' lang='lat' dir='ltr'><strong>olim</strong></span> <span class='ocrx_word' id='word_1_34' title='bbox 699 838 838 899; x_wconf 86' lang='lat' dir='ltr'><strong>tenuisse</strong></span> <span class='ocrx_word' id='word_1_35' title='bbox 861 836 1039 897; x_wconf 85' lang='lat' dir='ltr'><strong>Boeotiam.</strong></span> 
     </span>
     <span class='ocr_line' id='line_1_6' title="bbox 272 930 1202 1016; baseline -0.002 -20"><span class='ocrx_word' id='word_1_36' title='bbox 272 934 435 1016; x_wconf 82' lang='lat' dir='ltr'><strong>Fuerunt,</strong></span> <span class='ocrx_word' id='word_1_37' title='bbox 458 935 514 1016; x_wconf 88' lang='lat' dir='ltr'><strong>qui</strong></span> <span class='ocrx_word' id='word_1_38' title='bbox 536 934 650 996; x_wconf 84' lang='lat' dir='ltr'><strong>verba:</strong></span> <span class='ocrx_word' id='word_1_39' title='bbox 675 937 782 1016; x_wconf 81' lang='lat' dir='ltr'><strong>Ego,</strong></span> <span class='ocrx_word' id='word_1_40' title='bbox 798 951 923 1014; x_wconf 39' lang='lat' dir='ltr'><strong>,quem</strong></span> <span class='ocrx_word' id='word_1_41' title='bbox 944 930 1109 1012; x_wconf 85' lang='lat' dir='ltr'><strong>Pierio,</strong></span> <span class='ocrx_word' id='word_1_42' title='bbox 1129 954 1202 994; x_wconf 91' lang='lat' dir='ltr'><strong>ma·</strong></span> 
     </span>
    </p>
   </div>
   <div class='ocr_carea' id='block_1_3' title="bbox 193 1025 1309 1114">
    <p class='ocr_par' dir='ltr' id='par_1_3' title="bbox 193 1025 1309 1114">
     <span class='ocr_line' id='line_1_7' title="bbox 193 1025 1309 1114; baseline 0.001 -26"><span class='ocrx_word' id='word_1_43' title='bbox 193 1038 247 1088; x_wconf 78' lang='lat' dir='ltr'><strong>ter</strong></span> <span class='ocrx_word' id='word_1_44' title='bbox 275 1029 385 1089; x_wconf 81' lang='lat' dir='ltr'><strong>enixa</strong></span> <span class='ocrx_word' id='word_1_45' title='bbox 407 1042 468 1091; x_wconf 86' lang='lat' dir='ltr'><strong>est</strong></span> <span class='ocrx_word' id='word_1_46' title='bbox 491 1030 599 1112; x_wconf 82' lang='lat' dir='ltr'><strong>iugo,</strong></span> <span class='ocrx_word' id='word_1_47' title='bbox 622 1027 797 1110; x_wconf 80' lang='lat' dir='ltr'><strong>improprie</strong></span> <span class='ocrx_word' id='word_1_48' title='bbox 813 1025 987 1114; x_wconf 71' lang='lat' dir='ltr'><strong>etpodtice</strong></span> <span class='ocrx_word' id='word_1_49' title='bbox 1013 1048 1030 1086; x_wconf 90' lang='lat' dir='ltr'><strong>a</strong></span> <span class='ocrx_word' id='word_1_50' title='bbox 1050 1028 1201 1089; x_wconf 86' lang='lat' dir='ltr'><strong>Phaedro</strong></span> <span class='ocrx_word' id='word_1_51' title='bbox 1292 1055 1309 1102; x_wconf 61' lang='grc' dir='ltr'>χ</span> 
     </span>
    </p>
   </div>
   <div class='ocr_carea' id='block_1_4' title="bbox 161 1122 1222 2742">
    <p class='ocr_par' dir='ltr' id='par_1_4' title="bbox 161 1122 1222 2742">
     <span class='ocr_line' id='line_1_8' title="bbox 194 1122 1202 1208; baseline 0.002 -24"><span class='ocrx_word' id='word_1_52' title='bbox 194 1125 258 1186; x_wconf 90' lang='lat' dir='ltr'><strong>dici</strong></span> <span class='ocrx_word' id='word_1_53' title='bbox 282 1138 441 1208; x_wconf 75' lang='lat' dir='ltr'><strong>putarent.</strong></span> <span class='ocrx_word' id='word_1_54' title='bbox 465 1125 500 1206; x_wconf 82' lang='lat' dir='ltr'><strong>n)</strong></span> <span class='ocrx_word' id='word_1_55' title='bbox 550 1126 615 1186; x_wconf 88' lang='lat' dir='ltr'><strong>Sed</strong></span> <span class='ocrx_word' id='word_1_56' title='bbox 638 1127 699 1186; x_wconf 90' lang='lat' dir='ltr'><strong>iam</strong></span> <span class='ocrx_word' id='word_1_57' title='bbox 727 1124 803 1185; x_wconf 90' lang='lat' dir='ltr'><strong>olim</strong></span> <span class='ocrx_word' id='word_1_58' title='bbox 829 1122 1048 1183; x_wconf 81' lang='lat' dir='ltr'><strong>animadvertit</strong></span> <span class='ocrx_word' id='word_1_59' title='bbox 1075 1127 1202 1186; x_wconf 87' lang='lat' dir='ltr'><strong>Func-</strong></span> 
     </span>
     <span class='ocr_line' id='line_1_9' title="bbox 175 1217 1202 1300; baseline 0 -20"><span class='ocrx_word' id='word_1_60' title='bbox 175 1219 298 1298; x_wconf 46' lang='lat' dir='ltr'><strong>‚cius,</strong></span> <span class='ocrx_word' id='word_1_61' title='bbox 320 1221 355 1300; x_wconf 91' lang='lat' dir='ltr'><strong>o)</strong></span> <span class='ocrx_word' id='word_1_62' title='bbox 384 1221 464 1283; x_wconf 89' lang='lat' dir='ltr'><strong>haec</strong></span> <span class='ocrx_word' id='word_1_63' title='bbox 491 1223 535 1284; x_wconf 91' lang='lat' dir='ltr'><strong>ita</strong></span> <span class='ocrx_word' id='word_1_64' title='bbox 562 1221 723 1282; x_wconf 89' lang='lat' dir='ltr'><strong>intellecta</strong></span> <span class='ocrx_word' id='word_1_65' title='bbox 748 1240 812 1279; x_wconf 88' lang='lat' dir='ltr'><strong>non</strong></span> <span class='ocrx_word' id='word_1_66' title='bbox 839 1229 912 1298; x_wconf 89' lang='lat' dir='ltr'><strong>apte</strong></span> <span class='ocrx_word' id='word_1_67' title='bbox 932 1217 1105 1279; x_wconf 86' lang='lat' dir='ltr'><strong>cohaerere</strong></span> <span class='ocrx_word' id='word_1_68' title='bbox 1128 1240 1202 1294; x_wconf 85' lang='lat' dir='ltr'><strong>cum</strong></span> 
     </span>
     <span class='ocr_line' id='line_1_10' title="bbox 193 1313 1201 1402; baseline 0.002 -26"><span class='ocrx_word' id='word_1_69' title='bbox 193 1318 407 1402; x_wconf 84' lang='lat' dir='ltr'><strong>sequentihus.</strong></span> <span class='ocrx_word' id='word_1_70' title='bbox 431 1319 520 1378; x_wconf 89' lang='lat' dir='ltr'><strong>Cum·</strong></span> <span class='ocrx_word' id='word_1_71' title='bbox 533 1319 615 1379; x_wconf 92' lang='lat' dir='ltr'><strong>enim</strong></span> <span class='ocrx_word' id='word_1_72' title='bbox 634 1315 817 1390; x_wconf 85' lang='lat' dir='ltr'><strong>Phaedrus,</strong></span> <span class='ocrx_word' id='word_1_73' title='bbox 837 1333 871 1373; x_wconf 87' lang='lat' dir='ltr'><strong>se</strong></span> <span class='ocrx_word' id='word_1_74' title='bbox 893 1313 931 1373; x_wconf 89' lang='lat' dir='ltr'><strong>in</strong></span> <span class='ocrx_word' id='word_1_75' title='bbox 951 1314 1040 1395; x_wconf 87' lang='lat' dir='ltr'><strong>ipsa</strong></span> <span class='ocrx_word' id='word_1_76' title='bbox 1061 1316 1201 1378; x_wconf 80' lang='lat' dir='ltr'><strong>schola</strong></span> 
     </span>
     <span class='ocr_line' id='line_1_11' title="bbox 161 1412 1201 1495; baseline 0.001 -23"><span class='ocrx_word' id='word_1_77' title='bbox 161 1451 170 1464; x_wconf 62' lang='grc' dir='ltr'>ι</span> <span class='ocrx_word' id='word_1_78' title='bbox 192 1421 328 1472; x_wconf 87' lang='lat' dir='ltr'><strong>natum</strong></span> <span class='ocrx_word' id='word_1_79' title='bbox 350 1433 437 1487; x_wconf 88' lang='lat' dir='ltr'><strong>esse,</strong></span> <span class='ocrx_word' id='word_1_80' title='bbox 459 1414 558 1493; x_wconf 73' lang='lat' dir='ltr'><strong>dicat,</strong></span> <span class='ocrx_word' id='word_1_81' title='bbox 581 1414 618 1495; x_wconf 90' lang='lat' dir='ltr'><strong>p)</strong></span> <span class='ocrx_word' id='word_1_82' title='bbox 641 1415 750 1474; x_wconf 87' lang='lat' dir='ltr'><strong>Musae</strong></span> <span class='ocrx_word' id='word_1_83' title='bbox 772 1423 894 1488; x_wconf 89' lang='lat' dir='ltr'><strong>autem,</strong></span> <span class='ocrx_word' id='word_1_84' title='bbox 925 1412 1048 1472; x_wconf 86' lang='lat' dir='ltr'><strong>artium.</strong></span> <span class='ocrx_word' id='word_1_85' title='bbox 1061 1413 1201 1474; x_wconf 89' lang='lat' dir='ltr'><strong>omnium</strong></span> 
     </span>
     <span class='ocr_line' id='line_1_12' title="bbox 193 1507 1199 1587; baseline 0.005 -20"><span class='ocrx_word' id='word_1_86' title='bbox 193 1520 227 1568; x_wconf 88' lang='lat' dir='ltr'><strong>et</strong></span> <span class='ocrx_word' id='word_1_87' title='bbox 248 1508 426 1568; x_wconf 88' lang='lat' dir='ltr'><strong>litterarum</strong></span> <span class='ocrx_word' id='word_1_88' title='bbox 446 1509 554 1587; x_wconf 87' lang='lat' dir='ltr'><strong>Deae,</strong></span> <span class='ocrx_word' id='word_1_89' title='bbox 585 1509 616 1572; x_wconf 91' lang='lat' dir='ltr'><strong>in</strong></span> <span class='ocrx_word' id='word_1_90' title='bbox 636 1523 744 1573; x_wconf 87' lang='lat' dir='ltr'><strong>monte</strong></span> <span class='ocrx_word' id='word_1_91' title='bbox 765 1509 862 1570; x_wconf 89' lang='lat' dir='ltr'><strong>Piero</strong></span> <span class='ocrx_word' id='word_1_92' title='bbox 891 1507 1100 1568; x_wconf 85' lang='lat' dir='ltr'><strong>crederentur</strong></span> <span class='ocrx_word' id='word_1_93' title='bbox 1129 1530 1199 1572; x_wconf 87' lang='lat' dir='ltr'><strong>esse</strong></span> 
     </span>
     <span class='ocr_line' id='line_1_13' title="bbox 193 1603 1200 1688; baseline 0.005 -25"><span class='ocrx_word' id='word_1_94' title='bbox 193 1605 334 1686; x_wconf 80' lang='lat' dir='ltr'><strong>genitae:</strong></span> <span class='ocrx_word' id='word_1_95' title='bbox 355 1604 450 1683; x_wconf 80' lang='lat' dir='ltr'><strong>facile</strong></span> <span class='ocrx_word' id='word_1_96' title='bbox 472 1606 575 1684; x_wconf 89' lang='lat' dir='ltr'><strong>vides,</strong></span> <span class='ocrx_word' id='word_1_97' title='bbox 598 1603 890 1688; x_wconf 82' lang='lat' dir='ltr'><strong>Pagenstecherum</strong></span> <span class='ocrx_word' id='word_1_98' title='bbox 912 1615 946 1663; x_wconf 90' lang='lat' dir='ltr'><strong>et</strong></span> <span class='ocrx_word' id='word_1_99' title='bbox 970 1603 1055 1665; x_wconf 84' lang='lat' dir='ltr'><strong>viros</strong></span> <span class='ocrx_word' id='word_1_100' title='bbox 1076 1607 1200 1684; x_wconf 86' lang='lat' dir='ltr'><strong>doctos,</strong></span> 
     </span>
     <span class='ocr_line' id='line_1_14' title="bbox 193 1697 1201 1783; baseline 0.001 -24"><span class='ocrx_word' id='word_1_101' title='bbox 193 1698 249 1782; x_wconf 84' lang='lat' dir='ltr'><strong>qui</strong></span> <span class='ocrx_word' id='word_1_102' title='bbox 270 1719 343 1782; x_wconf 89' lang='lat' dir='ltr'><strong>eum</strong></span> <span class='ocrx_word' id='word_1_103' title='bbox 364 1711 556 1783; x_wconf 87' lang='lat' dir='ltr'><strong>sequuntur,</strong></span> <span class='ocrx_word' id='word_1_104' title='bbox 576 1723 640 1762; x_wconf 90' lang='lat' dir='ltr'><strong>non</strong></span> <span class='ocrx_word' id='word_1_105' title='bbox 662 1719 731 1760; x_wconf 87' lang='lat' dir='ltr'><strong>esse</strong></span> <span class='ocrx_word' id='word_1_106' title='bbox 753 1697 936 1759; x_wconf 89' lang='lat' dir='ltr'><strong>audiendos.</strong></span> <span class='ocrx_word' id='word_1_107' title='bbox 957 1699 1049 1758; x_wconf 89' lang='lat' dir='ltr'><strong>Istam</strong></span> <span class='ocrx_word' id='word_1_108' title='bbox 1062 1700 1201 1780; x_wconf 81' lang='lat' dir='ltr'><strong>Pagens-</strong></span> 
     </span>
     <span class='ocr_line' id='line_1_15' title="bbox 193 1787 1201 1879; baseline 0.003 -24"><span class='ocrx_word' id='word_1_109' title='bbox 193 1794 317 1856; x_wconf 86' lang='lat' dir='ltr'><strong>techeri</strong></span> <span class='ocrx_word' id='word_1_110' title='bbox 338 1797 525 1858; x_wconf 90' lang='lat' dir='ltr'><strong>sententiam</strong></span> <span class='ocrx_word' id='word_1_111' title='bbox 546 1797 584 1858; x_wconf 86' lang='lat' dir='ltr'><strong>cl.</strong></span> <span class='ocrx_word' id='word_1_112' title='bbox 608 1797 750 1858; x_wconf 91' lang='lat' dir='ltr'><strong>Iacohs</strong></span> <span class='ocrx_word' id='word_1_113' title='bbox 774 1797 807 1856; x_wconf 90' lang='lat' dir='ltr'><strong>in</strong></span> <span class='ocrx_word' id='word_1_114' title='bbox 836 1795 1056 1857; x_wconf 85' lang='lat' dir='ltr'><strong>dissertatione</strong></span> <span class='ocrx_word' id='word_1_115' title='bbox 1080 1787 1201 1879; x_wconf 90' lang='lat' dir='ltr'><strong>peculi-</strong></span> 
     </span>
     <span class='ocr_line' id='line_1_16' title="bbox 195 1881 1201 1973; baseline -0.002 -19"><span class='ocrx_word' id='word_1_116' title='bbox 195 1893 294 1956; x_wconf 78' lang='lat' dir='ltr'><strong>aride</strong></span> <span class='ocrx_word' id='word_1_117' title='bbox 308 1891 539 1955; x_wconf 87' lang='lat' dir='ltr'><strong>fabulatoribus</strong></span> <span class='ocrx_word' id='word_1_118' title='bbox 552 1892 671 1952; x_wconf 89' lang='lat' dir='ltr'><strong>Latinis</strong></span> <span class='ocrx_word' id='word_1_119' title='bbox 688 1891 796 1972; x_wconf 76' lang='lat' dir='ltr'><strong>(Videz</strong></span> <span class='ocrx_word' id='word_1_120' title='bbox 812 1881 1044 1973; x_wconf 71' lang='lat' dir='ltr'><strong>Nachtrdge</strong></span> <span class='ocrx_word' id='word_1_121' title='bbox 1060 1892 1201 1954; x_wconf 79' lang='lat' dir='ltr'><strong>zuSul-</strong></span> 
     </span>
     <span class='ocr_line' id='line_1_17' title="bbox 195 1985 1201 2067; baseline 0.002 -19"><span class='ocrx_word' id='word_1_122' title='bbox 195 2007 287 2050; x_wconf 84' lang='lat' dir='ltr'><strong>zers</strong></span> <span class='ocrx_word' id='word_1_123' title='bbox 311 1989 501 2067; x_wconf 88' lang='lat' dir='ltr'><strong>Theorie,</strong></span> <span class='ocrx_word' id='word_1_124' title='bbox 517 1993 554 2049; x_wconf 85' lang='lat' dir='ltr'><strong>T.</strong></span> <span class='ocrx_word' id='word_1_125' title='bbox 569 1989 623 2052; x_wconf 89' lang='lat' dir='ltr'><strong>Vl.</strong></span> <span class='ocrx_word' id='word_1_126' title='bbox 636 1991 673 2050; x_wconf 93' lang='grc' dir='ltr'><strong>Ρ.</strong></span> <span class='ocrx_word' id='word_1_127' title='bbox 688 1987 709 2047; x_wconf 88' lang='lat'><strong>1.</strong></span> <span class='ocrx_word' id='word_1_128' title='bbox 725 2008 756 2067; x_wconf 91' lang='lat' dir='ltr'><strong>p.</strong></span> <span class='ocrx_word' id='word_1_129' title='bbox 770 1986 835 2065; x_wconf 75' lang='grc'>34.)</span> <span class='ocrx_word' id='word_1_130' title='bbox 858 1987 902 2047; x_wconf 89' lang='lat' dir='ltr'><strong>sic</strong></span> <span class='ocrx_word' id='word_1_131' title='bbox 923 1985 1083 2052; x_wconf 85' lang='lat' dir='ltr'><strong>confutat:</strong></span> <span class='ocrx_word' id='word_1_132' title='bbox 1106 1990 1201 2050; x_wconf 85' lang='lat' dir='ltr'><strong>»Die-</strong></span> 
     </span>
     <span class='ocr_line' id='line_1_18' title="bbox 193 2081 1201 2165; baseline 0.002 -23"><span class='ocrx_word' id='word_1_133' title='bbox 193 2082 334 2165; x_wconf 78' lang='lat' dir='ltr'><strong>jcnigen,</strong></span> <span class='ocrx_word' id='word_1_134' title='bbox 363 2081 486 2143; x_wconf 84' lang='lat' dir='ltr'><strong>welche</strong></span> <span class='ocrx_word' id='word_1_135' title='bbox 516 2082 624 2144; x_wconf 90' lang='lat' dir='ltr'><strong>diesen</strong></span> <span class='ocrx_word' id='word_1_136' title='bbox 646 2085 787 2146; x_wconf 88' lang='lat' dir='ltr'><strong>Worten</strong></span> <span class='ocrx_word' id='word_1_137' title='bbox 812 2083 913 2162; x_wconf 85' lang='lat' dir='ltr'><strong>(Prol.</strong></span> <span class='ocrx_word' id='word_1_138' title='bbox 937 2085 987 2143; x_wconf 90' lang='lat'><em>111.</em></span> <span class='ocrx_word' id='word_1_139' title='bbox 1013 2083 1077 2164; x_wconf 85' lang='lat'>17.)</span> <span class='ocrx_word' id='word_1_140' title='bbox 1106 2083 1201 2144; x_wconf 73' lang='lat' dir='ltr'><strong>einen</strong></span> 
     </span>
     <span class='ocr_line' id='line_1_19' title="bbox 194 2176 1201 2259; baseline 0.006 -19"><span class='ocrx_word' id='word_1_141' title='bbox 194 2177 470 2259; x_wconf 87' lang='lat' dir='ltr'><strong>metaphorischen</strong></span> <span class='ocrx_word' id='word_1_142' title='bbox 485 2179 560 2238; x_wconf 88' lang='lat' dir='ltr'><strong>Sinn</strong></span> <span class='ocrx_word' id='word_1_143' title='bbox 580 2179 785 2259; x_wconf 81' lang='lat' dir='ltr'><strong>unterlegen,</strong></span> <span class='ocrx_word' id='word_1_144' title='bbox 806 2176 910 2238; x_wconf 89' lang='lat' dir='ltr'><strong>haben</strong></span> <span class='ocrx_word' id='word_1_145' title='bbox 926 2178 988 2239; x_wconf 90' lang='lat' dir='ltr'><strong>den</strong></span> <span class='ocrx_word' id='word_1_146' title='bbox 998 2183 1201 2246; x_wconf 74' lang='lat' dir='ltr'><strong>Zusammem</strong></span> 
     </span>
     <span class='ocr_line' id='line_1_20' title="bbox 194 2271 1202 2356; baseline 0.004 -22"><span class='ocrx_word' id='word_1_147' title='bbox 194 2273 276 2356; x_wconf 81' lang='lat' dir='ltr'><strong>hang</strong></span> <span class='ocrx_word' id='word_1_148' title='bbox 296 2273 384 2334; x_wconf 91' lang='lat' dir='ltr'><strong>nicht</strong></span> <span class='ocrx_word' id='word_1_149' title='bbox 404 2271 538 2354; x_wconf 85' lang='lat' dir='ltr'><strong>gehiirig</strong></span> <span class='ocrx_word' id='word_1_150' title='bbox 560 2293 721 2355; x_wconf 82' lang='lat' dir='ltr'><strong>erwogen.</strong></span> <span class='ocrx_word' id='word_1_151' title='bbox 748 2273 914 2354; x_wconf 83' lang='lat' dir='ltr'><strong>Phaedrus</strong></span> <span class='ocrx_word' id='word_1_152' title='bbox 929 2274 1019 2337; x_wconf 84' lang='lat' dir='ltr'><strong>fiihrt</strong></span> <span class='ocrx_word' id='word_1_153' title='bbox 1032 2278 1083 2338; x_wconf 88' lang='lat' dir='ltr'><strong>die</strong></span> <span class='ocrx_word' id='word_1_154' title='bbox 1099 2279 1202 2338; x_wconf 86' lang='lat' dir='ltr'><strong>Griin·</strong></span> 
     </span>
     <span class='ocr_line' id='line_1_21' title="bbox 184 2367 1201 2450; baseline 0.008 -27"><span class='ocrx_word' id='word_1_155' title='bbox 184 2369 253 2446; x_wconf 37' lang='lat' dir='ltr'><strong>tde,</strong></span> <span class='ocrx_word' id='word_1_156' title='bbox 278 2367 329 2429; x_wconf 90' lang='lat' dir='ltr'><strong>die</strong></span> <span class='ocrx_word' id='word_1_157' title='bbox 351 2369 437 2430; x_wconf 83' lang='lat' dir='ltr'><strong>aeine</strong></span> <span class='ocrx_word' id='word_1_158' title='bbox 458 2369 648 2450; x_wconf 86' lang='lat' dir='ltr'><strong>Anspriiche</strong></span> <span class='ocrx_word' id='word_1_159' title='bbox 669 2371 727 2431; x_wconf 85' lang='lat' dir='ltr'><strong>auf</strong></span> <span class='ocrx_word' id='word_1_160' title='bbox 746 2370 808 2431; x_wconf 89' lang='lat' dir='ltr'><strong>den</strong></span> <span class='ocrx_word' id='word_1_161' title='bbox 821 2369 940 2428; x_wconf 85' lang='lat' dir='ltr'><strong>Namen</strong></span> <span class='ocrx_word' id='word_1_162' title='bbox 955 2371 1041 2432; x_wconf 90' lang='lat' dir='ltr'><strong>eines</strong></span> <span class='ocrx_word' id='word_1_163' title='bbox 1051 2374 1201 2435; x_wconf 88' lang='lat' dir='ltr'><strong>Dichters</strong></span> 
     </span>
     <span class='ocr_line' id='line_1_22' title="bbox 193 2462 1202 2546; baseline 0.002 -20"><span class='ocrx_word' id='word_1_164' title='bbox 193 2463 420 2546; x_wconf 82' lang='lat' dir='ltr'><strong>hegiinstigen,</strong></span> <span class='ocrx_word' id='word_1_165' title='bbox 451 2465 508 2526; x_wconf 86' lang='lat' dir='ltr'><strong>der</strong></span> <span class='ocrx_word' id='word_1_166' title='bbox 531 2465 634 2526; x_wconf 83' lang='lat' dir='ltr'><strong>Reihe</strong></span> <span class='ocrx_word' id='word_1_167' title='bbox 661 2462 810 2524; x_wconf 90' lang='lat' dir='ltr'><strong>nachan.</strong></span> <span class='ocrx_word' id='word_1_168' title='bbox 852 2463 968 2526; x_wconf 85' lang='lat' dir='ltr'><strong>Scinen</strong></span> <span class='ocrx_word' id='word_1_169' title='bbox 997 2469 1202 2543; x_wconf 84' lang='lat' dir='ltr'><strong>Gehurtsort,</strong></span> 
     </span>
     <span class='ocr_line' id='line_1_23' title="bbox 195 2559 1203 2644; baseline 0 -22"><span class='ocrx_word' id='word_1_170' title='bbox 195 2562 246 2623; x_wconf 87' lang='lat' dir='ltr'><strong>ein</strong></span> <span class='ocrx_word' id='word_1_171' title='bbox 266 2561 465 2642; x_wconf 88' lang='lat' dir='ltr'><strong>poetisches,</strong></span> <span class='ocrx_word' id='word_1_172' title='bbox 487 2560 590 2621; x_wconf 85' lang='lat' dir='ltr'><strong>durch</strong></span> <span class='ocrx_word' id='word_1_173' title='bbox 611 2561 662 2621; x_wconf 91' lang='lat' dir='ltr'><strong>die</strong></span> <span class='ocrx_word' id='word_1_174' title='bbox 675 2561 868 2640; x_wconf 79' lang='lat' dir='ltr'><strong>Gegenwart</strong></span> <span class='ocrx_word' id='word_1_175' title='bbox 888 2559 946 2620; x_wconf 87' lang='lat' dir='ltr'><strong>der</strong></span> <span class='ocrx_word' id='word_1_176' title='bbox 959 2565 1070 2631; x_wconf 85' lang='lat' dir='ltr'><strong>Musen</strong></span> <span class='ocrx_word' id='word_1_177' title='bbox 1082 2562 1203 2644; x_wconf 84' lang='lat' dir='ltr'><strong>hegiin-</strong></span> 
     </span>
     <span class='ocr_line' id='line_1_24' title="bbox 194 2647 1222 2742; baseline -0.002 -22"><span class='ocrx_word' id='word_1_178' title='bbox 194 2647 432 2742; x_wconf 42' lang='lat' dir='ltr'><strong>stigtcs&#39;Land,</strong></span> <span class='ocrx_word' id='word_1_179' title='bbox 454 2658 540 2720; x_wconf 84' lang='lat' dir='ltr'><strong>stelit</strong></span> <span class='ocrx_word' id='word_1_180' title='bbox 561 2677 596 2718; x_wconf 86' lang='lat' dir='ltr'><strong>cr</strong></span> <span class='ocrx_word' id='word_1_181' title='bbox 616 2679 654 2718; x_wconf 90' lang='lat' dir='ltr'><strong>an</strong></span> <span class='ocrx_word' id='word_1_182' title='bbox 676 2657 727 2718; x_wconf 90' lang='lat' dir='ltr'><strong>die</strong></span> <span class='ocrx_word' id='word_1_183' title='bbox 750 2656 868 2738; x_wconf 86' lang='lat' dir='ltr'><strong>Spitzc.</strong></span> <span class='ocrx_word' id='word_1_184' title='bbox 901 2658 1061 2720; x_wconf 80' lang='lat' dir='ltr'><strong>Zuniichst</strong></span> <span class='ocrx_word' id='word_1_185' title='bbox 1081 2657 1222 2718; x_wconf 77' lang='lat' dir='ltr'><strong>hiimmt·</strong></span> 
     </span>
    </p>
   </div>
   <div class='ocr_carea' id='block_1_5' title="bbox 200 2809 402 2826">
    <p class='ocr_par' dir='ltr' id='par_1_5' title="bbox 200 2809 402 2826">
     <span class='ocr_line' id='line_1_25' title="bbox 200 2809 402 2826; baseline -0.01 0"><span class='ocrx_word' id='word_1_186' title='bbox 200 2809 402 2826; x_wconf 41' lang='grc' dir='ltr'><strong>ψ</strong></span> 
     </span>
    </p>
   </div>
   <div class='ocr_carea' id='block_1_6' title="bbox 196 2886 1205 3200">
    <p class='ocr_par' dir='ltr' id='par_1_6' title="bbox 197 2886 1205 3053">
     <span class='ocr_line' id='line_1_26' title="bbox 246 2886 1205 2973; baseline -0.005 -16"><span class='ocrx_word' id='word_1_187' title='bbox 246 2904 284 2973; x_wconf 87' lang='grc' dir='ltr'>ιιι)</span> <span class='ocrx_word' id='word_1_188' title='bbox 302 2906 369 2955; x_wconf 85' lang='lat' dir='ltr'><strong>Loe.</strong></span> <span class='ocrx_word' id='word_1_189' title='bbox 387 2907 433 2958; x_wconf 79' lang='lat' dir='ltr'><strong>cit.</strong></span> <span class='ocrx_word' id='word_1_190' title='bbox 455 2890 516 2952; x_wconf 75' lang='grc' dir='ltr'><strong>Τόν</strong></span> <span class='ocrx_word' id='word_1_191' title='bbox 538 2911 571 2952; x_wconf 81' lang='grc' dir='ltr'><strong>τε</strong></span> <span class='ocrx_word' id='word_1_192' title='bbox 588 2888 741 2953; x_wconf 72' lang='grc' dir='ltr'><strong>Ἑλικῶνα</strong></span> <span class='ocrx_word' id='word_1_193' title='bbox 765 2894 971 2973; x_wconf 73' lang='grc' dir='ltr'><strong>καθιέρωσαν</strong></span> <span class='ocrx_word' id='word_1_194' title='bbox 981 2899 1058 2966; x_wconf 78' lang='grc' dir='ltr'><em>ταῖς</em></span> <span class='ocrx_word' id='word_1_195' title='bbox 1069 2886 1205 2967; x_wconf 72' lang='grc' dir='ltr'>Μύσαις</span> 
     </span>
     <span class='ocr_line' id='line_1_27' title="bbox 197 2966 930 3053; baseline -0.003 -17"><span class='ocrx_word' id='word_1_196' title='bbox 197 2975 322 3053; x_wconf 66' lang='lat' dir='ltr'><strong>&amp;perag</strong></span> <span class='ocrx_word' id='word_1_197' title='bbox 345 2974 447 3053; x_wconf 74' lang='lat' dir='ltr'><strong>‹ri-triv</strong></span> <span class='ocrx_word' id='word_1_198' title='bbox 470 2975 628 3038; x_wconf 81' lang='grc' dir='ltr'><strong>Βοιωτίαν</strong></span> <span class='ocrx_word' id='word_1_199' title='bbox 649 2966 888 3048; x_wconf 75' lang='grc' dir='ltr'><strong>ὲιῑοικήσαντες.</strong></span> <span class='ocrx_word' id='word_1_200' title='bbox 927 2981 930 2986; x_wconf 85' lang='grc'><strong>“</strong></span> 
     </span>
    </p>

    <p class='ocr_par' dir='ltr' id='par_1_7' title="bbox 196 3070 1205 3200">
     <span class='ocr_line' id='line_1_28' title="bbox 245 3070 1205 3139; baseline -0.002 -18"><span class='ocrx_word' id='word_1_201' title='bbox 245 3071 274 3138; x_wconf 85' lang='grc' dir='ltr'><strong>ιι)</strong></span> <span class='ocrx_word' id='word_1_202' title='bbox 295 3073 524 3139; x_wconf 76' lang='lat' dir='ltr'><strong>Pngerutccherus</strong></span> <span class='ocrx_word' id='word_1_203' title='bbox 542 3073 568 3124; x_wconf 90' lang='lat' dir='ltr'><strong>in</strong></span> <span class='ocrx_word' id='word_1_204' title='bbox 587 3071 641 3123; x_wconf 80' lang='lat' dir='ltr'><strong>vit.</strong></span> <span class='ocrx_word' id='word_1_205' title='bbox 659 3071 789 3134; x_wconf 82' lang='lat' dir='ltr'><strong>Phaedri,</strong></span> <span class='ocrx_word' id='word_1_206' title='bbox 814 3071 925 3120; x_wconf 85' lang='lat' dir='ltr'><strong>laudans</strong></span> <span class='ocrx_word' id='word_1_207' title='bbox 944 3070 1034 3120; x_wconf 79' lang='lat' dir='ltr'><strong>Persii</strong></span> <span class='ocrx_word' id='word_1_208' title='bbox 1056 3073 1109 3122; x_wconf 83' lang='lat' dir='ltr'><strong>Sat.</strong></span> <span class='ocrx_word' id='word_1_209' title='bbox 1128 3071 1205 3120; x_wconf 74' lang='lat' dir='ltr'><strong>Prot.</strong></span> 
     </span>
     <span class='ocr_line' id='line_1_29' title="bbox 196 3137 1202 3200; baseline -0.002 -12"><span class='ocrx_word' id='word_1_210' title='bbox 196 3157 220 3190; x_wconf 76' lang='grc' dir='ltr'><strong>ι.</strong></span> <span class='ocrx_word' id='word_1_211' title='bbox 242 3155 264 3190; x_wconf 88' lang='grc' dir='ltr'><strong>ι.</strong></span> <span class='ocrx_word' id='word_1_212' title='bbox 286 3141 401 3192; x_wconf 80' lang='lat' dir='ltr'><strong>Ursinus</strong></span> <span class='ocrx_word' id='word_1_213' title='bbox 428 3143 454 3194; x_wconf 89' lang='lat' dir='ltr'><strong>in</strong></span> <span class='ocrx_word' id='word_1_214' title='bbox 473 3140 566 3194; x_wconf 88' lang='lat' dir='ltr'><strong>Indice</strong></span> <span class='ocrx_word' id='word_1_215' title='bbox 595 3139 629 3189; x_wconf 83' lang='lat' dir='ltr'><strong>ad</strong></span> <span class='ocrx_word' id='word_1_216' title='bbox 651 3139 722 3192; x_wconf 78' lang='lat' dir='ltr'><strong>Edit.</strong></span> <span class='ocrx_word' id='word_1_217' title='bbox 743 3138 875 3200; x_wconf 82' lang='lat' dir='ltr'><strong>Phaedri,</strong></span> <span class='ocrx_word' id='word_1_218' title='bbox 899 3154 956 3186; x_wconf 84' lang='lat' dir='ltr'><strong>voc.</strong></span> <span class='ocrx_word' id='word_1_219' title='bbox 981 3137 1089 3190; x_wconf 77' lang='lat' dir='ltr'><strong>Pierius</strong></span> <span class='ocrx_word' id='word_1_220' title='bbox 1111 3139 1141 3187; x_wconf 86' lang='lat' dir='ltr'><strong>C.</strong></span> <span class='ocrx_word' id='word_1_221' title='bbox 1169 3138 1202 3187; x_wconf 92' lang='lat'><strong>11.</strong></span> 
     </span>
    </p>
   </div>
   <div class='ocr_carea' id='block_1_7' title="bbox 197 3205 1202 3344">
    <p class='ocr_par' dir='ltr' id='par_1_8' title="bbox 197 3205 1202 3344">
     <span class='ocr_line' id='line_1_30' title="bbox 197 3205 1202 3279; baseline -0.001 -23"><span class='ocrx_word' id='word_1_222' title='bbox 197 3206 311 3257; x_wconf 80' lang='lat' dir='ltr'><strong>Schmid</strong></span> <span class='ocrx_word' id='word_1_223' title='bbox 327 3211 353 3257; x_wconf 90' lang='lat' dir='ltr'><strong>in</strong></span> <span class='ocrx_word' id='word_1_224' title='bbox 371 3211 433 3258; x_wconf 77' lang='lat' dir='ltr'><strong>Not.</strong></span> <span class='ocrx_word' id='word_1_225' title='bbox 452 3208 470 3260; x_wconf 72' lang='lat' dir='ltr'><strong>i.</strong></span> <span class='ocrx_word' id='word_1_226' title='bbox 490 3207 524 3258; x_wconf 87' lang='lat' dir='ltr'><strong>ad</strong></span> <span class='ocrx_word' id='word_1_227' title='bbox 546 3206 642 3260; x_wconf 80' lang='lat' dir='ltr'><strong>Crusr&#39;i</strong></span> <span class='ocrx_word' id='word_1_228' title='bbox 656 3207 721 3260; x_wconf 83' lang='lat' dir='ltr'><strong>Vin.</strong></span> <span class='ocrx_word' id='word_1_229' title='bbox 737 3205 815 3262; x_wconf 75' lang='lat' dir='ltr'><strong>&#39;Poe&#39;t</strong></span> <span class='ocrx_word' id='word_1_230' title='bbox 835 3207 909 3254; x_wconf 82' lang='lat' dir='ltr'><strong>Rom.</strong></span> <span class='ocrx_word' id='word_1_231' title='bbox 926 3206 957 3254; x_wconf 89' lang='lat' dir='ltr'><strong>T.</strong></span> <span class='ocrx_word' id='word_1_232' title='bbox 976 3205 997 3254; x_wconf 92' lang='lat'><strong>1.</strong></span> <span class='ocrx_word' id='word_1_233' title='bbox 1016 3227 1043 3279; x_wconf 81' lang='lat' dir='ltr'><strong>p.</strong></span> <span class='ocrx_word' id='word_1_234' title='bbox 1064 3205 1122 3272; x_wconf 66' lang='lat'><strong>342.</strong></span> <span class='ocrx_word' id='word_1_235' title='bbox 1134 3221 1202 3256; x_wconf 86' lang='lat' dir='ltr'><strong>vers.</strong></span> 
     </span>
     <span class='ocr_line' id='line_1_31' title="bbox 197 3291 281 3344; baseline -0.024 -18"><span class='ocrx_word' id='word_1_236' title='bbox 197 3291 281 3344; x_wconf 66' lang='lat' dir='ltr'><strong>germ.</strong></span> 
     </span>
    </p>
   </div>
   <div class='ocr_carea' id='block_1_8' title="bbox 249 3329 920 3427">
    <p class='ocr_par' dir='ltr' id='par_1_9' title="bbox 249 3329 920 3427">
     <span class='ocr_line' id='line_1_32' title="bbox 249 3329 920 3427; baseline -0.006 -17"><span class='ocrx_word' id='word_1_237' title='bbox 249 3358 278 3426; x_wconf 81' lang='lat' dir='ltr'><strong>o)</strong></span> <span class='ocrx_word' id='word_1_238' title='bbox 297 3361 336 3410; x_wconf 88' lang='lat' dir='ltr'><strong>Dc</strong></span> <span class='ocrx_word' id='word_1_239' title='bbox 353 3329 500 3410; x_wconf 85' lang='lat' dir='ltr'><strong>imminenti</strong></span> <span class='ocrx_word' id='word_1_240' title='bbox 519 3360 548 3410; x_wconf 88' lang='lat' dir='ltr'><strong>L.</strong></span> <span class='ocrx_word' id='word_1_241' title='bbox 566 3359 597 3409; x_wconf 92' lang='lat' dir='ltr'><strong>L.</strong></span> <span class='ocrx_word' id='word_1_242' title='bbox 616 3360 721 3411; x_wconf 84' lang='lat' dir='ltr'><strong>Senect.</strong></span> <span class='ocrx_word' id='word_1_243' title='bbox 739 3356 770 3410; x_wconf 79' lang='lat' dir='ltr'><strong>G.</strong></span> <span class='ocrx_word' id='word_1_244' title='bbox 790 3359 835 3414; x_wconf 89' lang='lat'><em>111.</em></span> <span class='ocrx_word' id='word_1_245' title='bbox 854 3355 875 3427; x_wconf 81' lang='lat'><strong>§.</strong></span> <span class='ocrx_word' id='word_1_246' title='bbox 895 3358 920 3410; x_wconf 87' lang='grc'><strong>8.</strong></span> 
     </span>
    </p>
   </div>
   <div class='ocr_carea' id='block_1_9' title="bbox 249 3437 763 3515">
    <p class='ocr_par' dir='ltr' id='par_1_10' title="bbox 249 3437 763 3515">
     <span class='ocr_line' id='line_1_33' title="bbox 249 3437 763 3515; baseline -0.008 -22"><span class='ocrx_word' id='word_1_247' title='bbox 249 3437 279 3515; x_wconf 88' lang='lat' dir='ltr'><strong>p)</strong></span> <span class='ocrx_word' id='word_1_248' title='bbox 295 3443 367 3495; x_wconf 83' lang='lat' dir='ltr'><strong>Prot.</strong></span> <span class='ocrx_word' id='word_1_249' title='bbox 385 3443 443 3494; x_wconf 81' lang='lat' dir='ltr'><strong>Lib.</strong></span> <span class='ocrx_word' id='word_1_250' title='bbox 461 3442 508 3493; x_wconf 86' lang='lat' dir='ltr'>Ill.</span> <span class='ocrx_word' id='word_1_251' title='bbox 526 3457 549 3491; x_wconf 81' lang='grc' dir='ltr'><strong>ν.</strong></span> <span class='ocrx_word' id='word_1_252' title='bbox 568 3457 609 3496; x_wconf 76' lang='lat'><strong>20.</strong></span> <span class='ocrx_word' id='word_1_253' title='bbox 631 3443 676 3493; x_wconf 85' lang='lat' dir='ltr'><strong>ubi</strong></span> <span class='ocrx_word' id='word_1_254' title='bbox 694 3441 763 3496; x_wconf 73' lang='lat' dir='ltr'><strong>ride.</strong></span> 
     </span>
    </p>
   </div>
   <div class='ocr_carea' id='block_1_10' title="bbox 0 0 1346 3978">
    <p class='ocr_par' dir='ltr' id='par_1_11' title="bbox 0 0 1346 3978">
     <span class='ocr_line' id='line_1_34' title="bbox 0 0 1346 3978; baseline 0 0"><span class='ocrx_word' id='word_1_255' title='bbox 0 0 1346 3978; x_wconf 95' lang='lat' dir='ltr'><strong> </strong></span> 
     </span>
    </p>
   </div>
  </div>
 </body>
</html>
