2610 4002
466 481 540 523 rau.
565 477 703 544 19—21.
729 501 732 509 «
815 491 819 495 -

499 617 667 686 rtu.'XX.
726 613 737 648 ²·

435 755 541 808 URSUS
560 755 732 808 ESURIENS.

200 921 202 929 .
268 878 387 939 Famem
407 893 511 933 acuere
531 871 726 934 animantibus
746 877 895 948 ingenium.

77 984 113 1046 Si
136 981 268 1069 quando
288 981 329 1041 in»
339 978 426 1040 silvis
446 997 523 1039 urso
545 975 658 1036 desunt
677 973 806 1055 copiae,

79 1065 301 1147 Scopulosum
322 1059 361 1119 ad
381 1060 458 1119 litus
474 1056 592 1132 currit,
613 1068 647 1116 et
666 1054 825 1137 prendens
844 1068 968 1139 petram

78 1147 193 1205 Pilosa
219 1162 314 1203 crura
334 1140 450 1200 sensim
471 1136 608 1198 demittit
626 1137 721 1198 vado.

80 1227 236 1318 Quorum
257 1221 340 1281 inter
359 1220 451 1280 villos
472 1216 563 1278 simul
583 1218 941 1297 haeseruntcanceres,

79 1309 115 1366 ln
136 1317 260 1366 terram
281 1299 438 1380 abripiens
460 1297 580 1358 excutit
599 1297 750 1378 praedam
769 1299 883 1378 maris,
1060 1301 1081 1358 5

80 1388 234 1467 Escaque
254 1377 373 1445 fruitur
367 1378 507 1519 tupassim
528 1378 661 1439 collecta
682 1376 782 1441 vafer.
1063 1377 1074 1386 “

120 1467 216 1546 Ergo
238 1462 366 1522 etiams
414 1457 454 1518 tis
475 1457 559 1518 acuit
578 1456 738 1541 ingenium
757 1459 868 1522 fames.

484 1593 685 1608 ..ιι-ιι...-

492 1712 568 1755 ums.
589 1693 673 1754 XXI.

397 1799 530 1882 vmuon
557 1830 603 1882 su
628 1826 775 1880 couvre.

217 1991 218 1996 κ
287 1915 389 2011 Verln's
412 1971 500 2031 saepe
522 1951 650 2012 homines
671 1949 767 2031 decipi
789 1948 889 2010 solent.
934 1971 937 1974 ·

84 2053 228 2136 Quidam
247 2073 307 2135 per
328 2073 422 2135 agros
445 2052 551 2115 divitis
570 2072 702 2135 carpens
723 2053 803 2133 iter,

70 2137 157 2196 ‘Ave
185 2132 363 2210 exaudivit,
385 2144 418 2194 et
438 2145 579 2194 moratus
598 2133 793 2216 paullulum,

84 2215 212 2276 Adesse
232 2225 268 2274 ut
282 2212 367 2275 uidit
385 2213 559 2292 neminem,
583 2214 690 2297 eoepit
710 2214 810 2298 gradi.

84 2295 208 2356 lterum
221 2294 345 2354 ¹salutat
368 2293 454 2354 idem
474 2314 512 2354 ex
536 2294 662 2357 occulto
687 2309 793 2358 sonus.

85 2375 179 2439 Voce
200 2373 350 2454 hospitali
370 2371 570 2434 confirmatus
589 2375 723 2453 restitit,
1062 2370 1084 2432 5

84 2455 145 2534 Ut,
167 2452 312 2540 quisquis
333 2465 435 2533 esset,
454 2473 513 2533 par
534 2450 675 2515 officium
699 2454 862 2516 redderet.

90 2589 290 2603 *Μ

137 2655 209 2707 Feb.
227 2656 295 2720 XX,
318 2669 348 2704 v.
367 2667 392 2717 a,
410 2651 479 2703 Cod.
500 2647 572 2719 apud
591 2649 763 2704 qunellium:
788 2647 895 2719 pndens
917 2660 987 2722 petr.
1010 2651 1081 2704 unde

88 2725 202 2775 coniicit
218 2721 339 2794 pendens
355 2732 444 2791 petro.
464 2720 518 2772 Sed
532 2721 560 2768 iu
569 2718 683 2771 Phaedri
691 2721 740 2770 Ed.
756 2722 876 2787 sequitur
895 2719 1024 2776 Cassitum
1040 2724 1080 2772 le·

89 2800 211 2857 gentem,
232 2801 263 2841 ut
277 2799 369 2842 nostru
385 2789 435 2840 Ed.
453 2790 514 2840 lert.
533 2817 567 2828 -
584 2805 613 2852 u.
633 2786 659 2853 4.
680 2786 747 2839 Cod.
765 2796 832 2840 teste
841 2789 985 2842 Iauuellio:
1006 2793 1081 2858 Quo·

88 2876 148 2910 rum
166 2861 241 2911 inter
260 2859 336 2910 villos
354 2858 434 2908 stinul
447 2857 594 2908 haeserunt
608 2858 712 2907 cancri.
730 2855 846 2908 Cassitus
857 2857 1006 2915 emendavit
1016 2876 1082 2908 cort-

88 2944 176 2990 ceres,
193 2927 304 2978 laudans
320 2929 427 2978 Lucret.
446 2925 480 2990 V,
494 2925 553 2976 616.
573 2933 600 2976 et
618 2925 745 2991 Scaliger.
762 2925 796 2975 ud
813 2925 920 2977 Festum
937 2943 959 2976 s.
973 2943 996 2976 v.
1012 2928 1081 2977 Cun-

89 2999 138 3046 tri.
158 2996 285 3048 Bothius:
316 2998 438 3062 Quorum
455 2997 526 3044 inter
544 2993 747 3045 villos'lraesere
765 3004 796 3044 ut
812 2994 910 3044 caneri
936 2994 1023 3044 simul.
1048 3025 1083 3035 -

88 3080 117 3113 v.
137 3066 161 3117 5.
180 3063 249 3128 Cod,
267 3063 302 3126 un
321 3071 420 3114 terram
438 3063 585 3130 arripiens,
603 3062 676 3134 quod
695 3070 780 3113 servat
796 3061 954 3128 Iannellius3
972 3062 1082 3114 Bothius

91 3131 241 3184 emendavit
259 3131 412 3201 obripiem,·
430 3132 565 3195 Cassitus:
583 3131 720 3182 Intortam
736 3128 879 3200 odripr'em
895 3139 947 3184 cet.
958 3160 993 3174 -
1008 3149 1037 3182 v.
1056 3146 1081 3197 7.

91 3199 162 3251 God.
180 3202 274 3264 stulto.
292 3199 417 3252 Correxit
434 3199 559 3252 Cassitus.

143 3267 212 3319 Fae:
230 3270 311 3335 xx1,
326 3284 355 3319 v.
377 3285 399 3319 ι.
419 3267 487 3320 Cod.
505 3268 635 3318 Iannellio
652 3275 735 3320 teste:
755 3265 873 3335 Quidam
889 3283 939 3335 per
957 3265 1081 3335 agreed.

93 3349 133 3384 ν..
153 3351 318 3405 carpene...
330 3354 361 3399 r,·
379 3336 453 3404 quod
470 3338 507 3386 itu
530 3335 677 3410 supplevit:
707 3335 822 3404 Quidam
838 3353 888 3405 per
903 3353 988 3404 agros
1007 3335 1081 3386 devi-

92 3418 136 3451 um
154 3419 269 3474 carpens
288 3405 349 3454 iter.
374 3407 430 3458 Nos
450 3404 582 3456 Cassitum
604 3406 749 3471 sequimur.
766 3435 799 3446 -
820 3421 850 3454 v.
872 3405 897 3454 3.
922 3405 991 3456 Cod.
1013 3405 1082 3472 oepit

92 3485 142 3534 gr.
153 3506 162 3521 .
173 3507 180 3522 .
189 3490 200 3533 ,·
216 3473 359 3524 Iannellius
375 3473 506 3526 restituit:
529 3473 599 3541 cepit
614 3471 732 3539 gradum
741 3491 752 3534 ,·
765 3489 822 3524 ‘nos
841 3471 936 3530 Cnssiti
954 3474 1080 3524 emenda-

94 3538 195 3590 tionem
213 3539 343 3592 dedimus.
354 3569 387 3582 -
402 3560 431 3594 v.
449 3539 475 3608 4.
491 3540 559 3592 Cod.
571 3549 638 3592 teste
655 3540 786 3593 qunellio
804 3559 838 3592 eu
856 3541 962 3592 occulto
980 3551 1061 3591 sonos
1070 3557 1083 3602 ,-

95 3603 210 3662 Cassius
228 3626 321 3663 sortus.
339 3639 374 3654 -
391 3628 420 3664 v.
438 3611 464 3664 6.
479 3608 548 3662 Cod.
567 3608 639 3681 opud
656 3610 828 3666 lannellium:
844 3627 899 3682 por
910 3606 1028 3678 efficium
1038 3627 1080 3661 re·
