2678 3978
471 456 536 495 utra.
557 437 586 513 Ι,
609 457 684 500 m.
705 445 812 517 4—7.

187 593 294 657 Vacca
314 607 347 656 et
367 595 504 678 capella,
526 607 560 658 et
577 594 700 676 patiens
725 596 792 658 ovis
815 596 967 674 iniuriae,

148 674 237 734 Socii
258 673 353 736 suere
376 697 449 737 cum
471 677 565 736 leone
587 675 618 733 in
640 673 780 735 saltibus.

146 753 192 812 Hi
213 775 311 835 quum
331 757 490 836 cepissent
510 775 642 816 cervum
663 755 743 816 vasti
764 755 929 836 corporis,
1132 759 1152 820 5

147 834 202 893 Sic
224 845 272 894 est
292 836 437 910 locutus,
456 833 601 917 partibus
626 833 737 910 factis,
760 835 834 897 leo:¹

145 913 218 994 Ego
239 913 373 994 primam
393 917 490 991 tollo,
507 914 652 974 nominor
673 915 747 998 quia
771 917 841 993 le03

147 993 344 1071 Secundam,
371 996 444 1056 uia
467 1017 537 1056 sum
562 993 675 1069 fortis,
699 995 846 1056 tribuetis
866 995 961 1072 mihi;

146 1075 246 1148 Tum,
288 1074 339 1134 uia
359 1017 431 1156 plus
453 1077 563 1150 valeo,
585 1095 636 1135 me
658 1088 816 1158 sequetur
836 1076 947 1152 tertia3

142 1153 229 1212 Malo
254 1173 270 1212 a
301 1151 433 1232 scietur,
454 1156 481 1217 si
496 1155 574 1240 'quis
597 1166 742 1237 quartam
764 1155 822 1217 teti
847 1156 917 1216 erit.
1115 1149 1150 1240 ii,

145 1232 198 1292 Sic
219 1244 319 1294 totam
341 1236 493 1318 praedam
512 1235 578 1298 sola
599 1233 787 1316 improbitas
809 1177 947 1296 aistulit.
1027 1247 1033 1254 ’

473 1483 477 1490 “
568 1496 642 1536 raa.
671 1475 724 1539 Vl.

481 1608 595 1661 RANAE
615 1610 660 1662 AD
680 1605 806 1660 SOLEM.

142 1727 246 1789 Vicini
269 1727 349 1794 furis
372 1729 516 1790 celebres
540 1731 617 1791 vidit
640 1730 764 1810 nuptias

141 1807 306 1889 Aesopus,
332 1823 365 1871 et
391 1810 540 1870 continuo
562 1830 692 1869 narrare
715 1807 842 1886 incipit:

182 1889 323 1948 Uxorem
347 1889 508 1973 quondam
533 1888 589 1949 Sol
617 1911 714 1972 quum
736 1887 836 1947 vellet
859 1883 998 1963 ducere,
1018 1891 1021 1899 ⁴

141 1967 323 2029 Clamorem
344 1989 439 2030 ranae
465 1969 623 2031 sustulere
648 1969 688 2028 ad
709 1965 825 2028 sidera·

142 2047 295 2118 Convicio
320 2055 487 2130 permotus
506 2051 635 2134 quaerit
658 2050 780 2132 Iupiter
828 2055 829 2061 ’
1125 2050 1145 2111 5

143 2125 276 2186 Causam
302 2132 465 2211 querelae.
508 2131 673 2223 Quaedam
693 2143 761 2190 tum
787 2126 889 2208 stagni
909 2129 1033 2206 incola,

140 2208 248 2283 Nunc,
270 2208 386 2291 inquit,
409 2232 518 2272 omnes
540 2231 619 2271 unus
643 2211 747 2270 enuit
768 2206 872 2280 lacus,

140 2287 302 2372 Cogitque
324 2292 455 2351 miseras
478 2291 565 2352 arida
586 2291 663 2351 sede
690 2287 792 2350 emori

139 2366 299 2458 Quidnam
320 2367 464 2432 futurum
485 2385 552 2446 est,
573 2371 599 2430 si
624 2370 741 2431 crearit
765 2365 915 2427 liberoso.

541 2507 740 2522 Μ

552 2625 628 2666 rau.
651 2605 719 2668 Vll.

332 2737 455 2788 VULPlS
475 2739 520 2789 AD
539 2741 730 2814 PEllSONAM¹
744 2738 938 2790 TRAGIGAM.

137 2860 314 2922 Personam
335 2859 489 2941 tragicam
510 2857 598 2920 forte
623 2859 724 2940 vulpis
745 2859 886 2924 viderat:

136 2937 167 3000 Ο
192 2953 308 3022 quanta
329 2939 471 3021 species,
492 2938 610 3022 inquit,
632 2938 801 3000 cerebrum
820 2961 883 3000 non
905 2935 1018 3002 habet!

161 3021 247 3090 *Hoc
265 3021 326 3080 illis
352 3019 472 3080 dictum
494 3030 561 3095 est,
585 3019 698 3102 quibus
719 3014 877 3080 honorem
900 3032 933 3081 et
951 3018 1084 3100 gloriam

134 3100 277 3164 Fortuna
294 3100 421 3180 tribuit,
442 3118 569 3160 sensum
594 3119 794 3162 communem
819 3099 958 3160 abstulit.

133 3241 326 3256 μ--α--η
394 3245 398 3249 -

183 3304 251 3356 Fob.
270 3297 308 3368 V}
327 3321 356 3354 v.
377 3319 401 3370 7.
421 3303 464 3354 Ob
483 3304 603 3354 ultimum
619 3302 745 3369 syllabam
763 3304 887 3354 vocabuli
904 3304 972 3373 quio
998 3304 1050 3354 lioc
1073 3305 1136 3353 loeo

134 3380 228 3424 contra
253 3375 387 3436 vulgarem
414 3389 491 3422 usum
515 3369 675 3438 productam
703 3371 810 3436 plurimi
832 3372 950 3422 aditores
973 3372 1139 3432 refluxerunt,

133 3457 246 3491 versum.
282 3441 396 3491 Maxime
423 3457 450 3490 se
477 3437 651 3490 commendat
670 3438 828 3490 coniectura
848 3439 979 3491 Richteri:
1006 3439 1137 3508 quoniam

134 3510 263 3560 rsominor
278 3507 328 3556 leo.
348 3509 389 3558 Cf.
408 3509 518 3559 Desbill.
538 3515 563 3558 et
582 3503 657 3556 Both.
